%YAML 1.1
%TAG !u! tag:unity3d.com,2011:
--- !u!1 &159157056468650678
GameObject:
  m_ObjectHideFlags: 0
  m_CorrespondingSourceObject: {fileID: 8139351480072410275, guid: 3dc4b85f3ceeec3449539c09c2166b4e,
    type: 3}
  m_PrefabInstance: {fileID: 5065154304378202055}
  m_PrefabAsset: {fileID: 0}
  serializedVersion: 6
  m_Component:
  - component: {fileID: 2171181469188741020}
  m_Layer: 0
  m_Name: mixamorig:RightHandThumb2
  m_TagString: Untagged
  m_Icon: {fileID: 0}
  m_NavMeshLayer: 0
  m_StaticEditorFlags: 0
  m_IsActive: 1
--- !u!4 &2171181469188741020
Transform:
  m_ObjectHideFlags: 0
  m_CorrespondingSourceObject: {fileID: 8139351480072374595, guid: 3dc4b85f3ceeec3449539c09c2166b4e,
    type: 3}
  m_PrefabInstance: {fileID: 5065154304378202055}
  m_PrefabAsset: {fileID: 0}
  m_GameObject: {fileID: 159157056468650678}
  m_LocalRotation: {x: 0.1104163, y: 0.26013592, z: 0.29753384, w: 0.91192716}
  m_LocalPosition: {x: 0.02791065, y: -0.010401853, z: 0.024290506}
  m_LocalScale: {x: 1, y: 1, z: 1}
  m_Children:
  - {fileID: 6123650601775261171}
  m_Father: {fileID: 5793052318057404333}
  m_RootOrder: 0
  m_LocalEulerAnglesHint: {x: 0, y: 0, z: 0}
--- !u!1 &194871837926556826
GameObject:
  m_ObjectHideFlags: 0
  m_CorrespondingSourceObject: {fileID: 8139351480072410391, guid: 3dc4b85f3ceeec3449539c09c2166b4e,
    type: 3}
  m_PrefabInstance: {fileID: 5065154304378202055}
  m_PrefabAsset: {fileID: 0}
  serializedVersion: 6
  m_Component:
  - component: {fileID: 3212317742250766725}
  m_Layer: 0
  m_Name: mixamorig:Head
  m_TagString: Untagged
  m_Icon: {fileID: 0}
  m_NavMeshLayer: 0
  m_StaticEditorFlags: 0
  m_IsActive: 1
--- !u!4 &3212317742250766725
Transform:
  m_ObjectHideFlags: 0
  m_CorrespondingSourceObject: {fileID: 8139351480072374583, guid: 3dc4b85f3ceeec3449539c09c2166b4e,
    type: 3}
  m_PrefabInstance: {fileID: 5065154304378202055}
  m_PrefabAsset: {fileID: 0}
  m_GameObject: {fileID: 194871837926556826}
  m_LocalRotation: {x: -0.11640583, y: -0.1868289, z: -0.06579083, w: 0.9732503}
  m_LocalPosition: {x: 2.072244e-12, y: 0.10556475, z: 0.031133533}
  m_LocalScale: {x: 1, y: 1, z: 1}
  m_Children:
  - {fileID: 8008109866700576646}
  m_Father: {fileID: 2512824454303101707}
  m_RootOrder: 0
  m_LocalEulerAnglesHint: {x: 0, y: 0, z: 0}
--- !u!1 &279714422832936621
GameObject:
  m_ObjectHideFlags: 0
  m_CorrespondingSourceObject: {fileID: 8139351480072410295, guid: 3dc4b85f3ceeec3449539c09c2166b4e,
    type: 3}
  m_PrefabInstance: {fileID: 5065154304378202055}
  m_PrefabAsset: {fileID: 0}
  serializedVersion: 6
  m_Component:
  - component: {fileID: 7634331131011457942}
  m_Layer: 0
  m_Name: mixamorig:RightHandPinky4
  m_TagString: Untagged
  m_Icon: {fileID: 0}
  m_NavMeshLayer: 0
  m_StaticEditorFlags: 0
  m_IsActive: 1
--- !u!4 &7634331131011457942
Transform:
  m_ObjectHideFlags: 0
  m_CorrespondingSourceObject: {fileID: 8139351480072374615, guid: 3dc4b85f3ceeec3449539c09c2166b4e,
    type: 3}
  m_PrefabInstance: {fileID: 5065154304378202055}
  m_PrefabAsset: {fileID: 0}
  m_GameObject: {fileID: 279714422832936621}
  m_LocalRotation: {x: 0, y: -0, z: -0, w: 1}
  m_LocalPosition: {x: 0.027162777, y: 0.0010311882, z: 0.0008075063}
  m_LocalScale: {x: 1, y: 1, z: 1}
  m_Children: []
  m_Father: {fileID: 8178660388898627392}
  m_RootOrder: 0
  m_LocalEulerAnglesHint: {x: 0, y: 0, z: 0}
--- !u!1 &339581445454994856
GameObject:
  m_ObjectHideFlags: 0
  m_CorrespondingSourceObject: {fileID: 8139351480072410279, guid: 3dc4b85f3ceeec3449539c09c2166b4e,
    type: 3}
  m_PrefabInstance: {fileID: 5065154304378202055}
  m_PrefabAsset: {fileID: 0}
  serializedVersion: 6
  m_Component:
  - component: {fileID: 920215717473774407}
  m_Layer: 0
  m_Name: mixamorig:RightHandThumb4
  m_TagString: Untagged
  m_Icon: {fileID: 0}
  m_NavMeshLayer: 0
  m_StaticEditorFlags: 0
  m_IsActive: 1
--- !u!4 &920215717473774407
Transform:
  m_ObjectHideFlags: 0
  m_CorrespondingSourceObject: {fileID: 8139351480072374599, guid: 3dc4b85f3ceeec3449539c09c2166b4e,
    type: 3}
  m_PrefabInstance: {fileID: 5065154304378202055}
  m_PrefabAsset: {fileID: 0}
  m_GameObject: {fileID: 339581445454994856}
  m_LocalRotation: {x: 0, y: -0, z: -0, w: 1}
  m_LocalPosition: {x: 0.025087887, y: -0.008965675, z: 0.015110209}
  m_LocalScale: {x: 1, y: 1, z: 1}
  m_Children: []
  m_Father: {fileID: 6123650601775261171}
  m_RootOrder: 0
  m_LocalEulerAnglesHint: {x: 0, y: 0, z: 0}
--- !u!1 &602535131764042875
GameObject:
  m_ObjectHideFlags: 0
  m_CorrespondingSourceObject: {fileID: 8139351480072410301, guid: 3dc4b85f3ceeec3449539c09c2166b4e,
    type: 3}
  m_PrefabInstance: {fileID: 5065154304378202055}
  m_PrefabAsset: {fileID: 0}
  serializedVersion: 6
  m_Component:
  - component: {fileID: 5793052318057404333}
  m_Layer: 0
  m_Name: mixamorig:RightHandThumb1
  m_TagString: Untagged
  m_Icon: {fileID: 0}
  m_NavMeshLayer: 0
  m_StaticEditorFlags: 0
  m_IsActive: 1
--- !u!4 &5793052318057404333
Transform:
  m_ObjectHideFlags: 0
  m_CorrespondingSourceObject: {fileID: 8139351480072374621, guid: 3dc4b85f3ceeec3449539c09c2166b4e,
    type: 3}
  m_PrefabInstance: {fileID: 5065154304378202055}
  m_PrefabAsset: {fileID: 0}
  m_GameObject: {fileID: 602535131764042875}
  m_LocalRotation: {x: 0.1459618, y: 0.0855672, z: -0.14654168, w: 0.9746276}
  m_LocalPosition: {x: 0.03488841, y: -0.013002426, z: 0.03036312}
  m_LocalScale: {x: 1, y: 1, z: 1}
  m_Children:
  - {fileID: 2171181469188741020}
  m_Father: {fileID: 3594852878470799970}
  m_RootOrder: 4
  m_LocalEulerAnglesHint: {x: 0, y: 0, z: 0}
--- !u!1 &855463358701631832
GameObject:
  m_ObjectHideFlags: 0
  m_CorrespondingSourceObject: {fileID: 8139351480072410463, guid: 3dc4b85f3ceeec3449539c09c2166b4e,
    type: 3}
  m_PrefabInstance: {fileID: 5065154304378202055}
  m_PrefabAsset: {fileID: 0}
  serializedVersion: 6
  m_Component:
  - component: {fileID: 3594852878470799970}
  m_Layer: 0
  m_Name: mixamorig:RightHand
  m_TagString: Untagged
  m_Icon: {fileID: 0}
  m_NavMeshLayer: 0
  m_StaticEditorFlags: 0
  m_IsActive: 1
--- !u!4 &3594852878470799970
Transform:
  m_ObjectHideFlags: 0
  m_CorrespondingSourceObject: {fileID: 8139351480072374655, guid: 3dc4b85f3ceeec3449539c09c2166b4e,
    type: 3}
  m_PrefabInstance: {fileID: 5065154304378202055}
  m_PrefabAsset: {fileID: 0}
  m_GameObject: {fileID: 855463358701631832}
  m_LocalRotation: {x: -0.28964564, y: 0.2676172, z: 0.10400736, w: 0.91305476}
  m_LocalPosition: {x: 0.22022752, y: 0.0045213904, z: 0.02243289}
  m_LocalScale: {x: 1, y: 1, z: 1}
  m_Children:
  - {fileID: 1424777879727782406}
  - {fileID: 183897685060564052}
  - {fileID: 4697003438952287854}
  - {fileID: 7221110449506385650}
  - {fileID: 5793052318057404333}
  m_Father: {fileID: 4851490810574960293}
  m_RootOrder: 0
  m_LocalEulerAnglesHint: {x: 0, y: 0, z: 0}
--- !u!1 &992983419874846956
GameObject:
  m_ObjectHideFlags: 0
  m_CorrespondingSourceObject: {fileID: 8139351480072410451, guid: 3dc4b85f3ceeec3449539c09c2166b4e,
    type: 3}
  m_PrefabInstance: {fileID: 5065154304378202055}
  m_PrefabAsset: {fileID: 0}
  serializedVersion: 6
  m_Component:
  - component: {fileID: 8513953741350737873}
  m_Layer: 0
  m_Name: mixamorig:LeftToeBase
  m_TagString: Untagged
  m_Icon: {fileID: 0}
  m_NavMeshLayer: 0
  m_StaticEditorFlags: 0
  m_IsActive: 1
--- !u!4 &8513953741350737873
Transform:
  m_ObjectHideFlags: 0
  m_CorrespondingSourceObject: {fileID: 8139351480072374643, guid: 3dc4b85f3ceeec3449539c09c2166b4e,
    type: 3}
  m_PrefabInstance: {fileID: 5065154304378202055}
  m_PrefabAsset: {fileID: 0}
  m_GameObject: {fileID: 992983419874846956}
  m_LocalRotation: {x: 0.0089640105, y: 0.0003200777, z: -0.014417719, w: 0.9998559}
  m_LocalPosition: {x: -0.023303425, y: -0.12090871, z: 0.07304923}
  m_LocalScale: {x: 1, y: 1, z: 1}
  m_Children:
  - {fileID: 7142674117984984297}
  m_Father: {fileID: 1568735252739354973}
  m_RootOrder: 0
  m_LocalEulerAnglesHint: {x: 0, y: 0, z: 0}
--- !u!1 &1157486183385672555
GameObject:
  m_ObjectHideFlags: 0
  m_CorrespondingSourceObject: {fileID: 8139351480072410289, guid: 3dc4b85f3ceeec3449539c09c2166b4e,
    type: 3}
  m_PrefabInstance: {fileID: 5065154304378202055}
  m_PrefabAsset: {fileID: 0}
  serializedVersion: 6
  m_Component:
  - component: {fileID: 8178660388898627392}
  m_Layer: 0
  m_Name: mixamorig:RightHandPinky3
  m_TagString: Untagged
  m_Icon: {fileID: 0}
  m_NavMeshLayer: 0
  m_StaticEditorFlags: 0
  m_IsActive: 1
--- !u!4 &8178660388898627392
Transform:
  m_ObjectHideFlags: 0
  m_CorrespondingSourceObject: {fileID: 8139351480072374609, guid: 3dc4b85f3ceeec3449539c09c2166b4e,
    type: 3}
  m_PrefabInstance: {fileID: 5065154304378202055}
  m_PrefabAsset: {fileID: 0}
  m_GameObject: {fileID: 1157486183385672555}
  m_LocalRotation: {x: 0.023941098, y: 0.038331866, z: -0.53252643, w: 0.84520596}
  m_LocalPosition: {x: 0.026576629, y: -0.0012722404, z: 0.0015806678}
  m_LocalScale: {x: 1, y: 1, z: 1}
  m_Children:
  - {fileID: 7634331131011457942}
  m_Father: {fileID: 651958261721513636}
  m_RootOrder: 0
  m_LocalEulerAnglesHint: {x: 0, y: 0, z: 0}
--- !u!1 &1183466049973909427
GameObject:
  m_ObjectHideFlags: 0
  m_CorrespondingSourceObject: {fileID: 8139351480072410477, guid: 3dc4b85f3ceeec3449539c09c2166b4e,
    type: 3}
  m_PrefabInstance: {fileID: 5065154304378202055}
  m_PrefabAsset: {fileID: 0}
  serializedVersion: 6
  m_Component:
  - component: {fileID: 7142674117984984297}
  m_Layer: 0
  m_Name: mixamorig:LeftToe_End
  m_TagString: Untagged
  m_Icon: {fileID: 0}
  m_NavMeshLayer: 0
  m_StaticEditorFlags: 0
  m_IsActive: 1
--- !u!4 &7142674117984984297
Transform:
  m_ObjectHideFlags: 0
  m_CorrespondingSourceObject: {fileID: 8139351480072374541, guid: 3dc4b85f3ceeec3449539c09c2166b4e,
    type: 3}
  m_PrefabInstance: {fileID: 5065154304378202055}
  m_PrefabAsset: {fileID: 0}
  m_GameObject: {fileID: 1183466049973909427}
  m_LocalRotation: {x: 0, y: -0, z: -0, w: 1}
  m_LocalPosition: {x: 0.0011080577, y: -0.0060018916, z: 0.13093275}
  m_LocalScale: {x: 1, y: 1, z: 1}
  m_Children: []
  m_Father: {fileID: 8513953741350737873}
  m_RootOrder: 0
  m_LocalEulerAnglesHint: {x: 0, y: 0, z: 0}
--- !u!1 &1206249925595738092
GameObject:
  m_ObjectHideFlags: 0
  m_CorrespondingSourceObject: {fileID: 0}
  m_PrefabInstance: {fileID: 0}
  m_PrefabAsset: {fileID: 0}
  serializedVersion: 6
  m_Component:
  - component: {fileID: 825466362144511294}
  - component: {fileID: 8795243660617349405}
  - component: {fileID: 1712318383304116737}
  - component: {fileID: 4814854585838224433}
  m_Layer: 12
  m_Name: EnemyPrefab
  m_TagString: Enemy
  m_Icon: {fileID: 0}
  m_NavMeshLayer: 0
  m_StaticEditorFlags: 0
  m_IsActive: 1
--- !u!4 &825466362144511294
Transform:
  m_ObjectHideFlags: 0
  m_CorrespondingSourceObject: {fileID: 0}
  m_PrefabInstance: {fileID: 0}
  m_PrefabAsset: {fileID: 0}
  m_GameObject: {fileID: 1206249925595738092}
  m_LocalRotation: {x: -0, y: -0, z: -0, w: 1}
  m_LocalPosition: {x: 859.2191, y: 570, z: 200.91615}
  m_LocalScale: {x: 1, y: 1, z: 1}
  m_Children:
  - {fileID: 7273056392993685063}
  m_Father: {fileID: 0}
  m_RootOrder: 0
  m_LocalEulerAnglesHint: {x: 0, y: 0, z: 0}
--- !u!114 &8795243660617349405
MonoBehaviour:
  m_ObjectHideFlags: 0
  m_CorrespondingSourceObject: {fileID: 0}
  m_PrefabInstance: {fileID: 0}
  m_PrefabAsset: {fileID: 0}
  m_GameObject: {fileID: 1206249925595738092}
  m_Enabled: 1
  m_EditorHideFlags: 0
  m_Script: {fileID: 11500000, guid: 3a1c8d3557fbaa54da632f80fd0e9c12, type: 3}
  m_Name: 
  m_EditorClassIdentifier: 
  state: 0
  life: 20
  radius: 6
  idleRadius: 6
  chaseRadius: 10
  targetMask:
    serializedVersion: 2
    m_Bits: 2048
  targetDetected: 0
  stopAtEachNode: 1
  timeStopped: 1
  pathNodes:
  - {fileID: 0}
  - {fileID: 0}
  attackDistance: 2
--- !u!195 &1712318383304116737
NavMeshAgent:
  m_ObjectHideFlags: 0
  m_CorrespondingSourceObject: {fileID: 0}
  m_PrefabInstance: {fileID: 0}
  m_PrefabAsset: {fileID: 0}
  m_GameObject: {fileID: 1206249925595738092}
  m_Enabled: 1
  m_AgentTypeID: 0
  m_Radius: 0.5
  m_Speed: 3.5
  m_Acceleration: 8
  avoidancePriority: 50
  m_AngularSpeed: 120
  m_StoppingDistance: 0
  m_AutoTraverseOffMeshLink: 1
  m_AutoBraking: 1
  m_AutoRepath: 1
  m_Height: 2
  m_BaseOffset: 0
  m_WalkableMask: 4294967295
  m_ObstacleAvoidanceType: 4
--- !u!136 &4814854585838224433
CapsuleCollider:
  m_ObjectHideFlags: 0
  m_CorrespondingSourceObject: {fileID: 0}
  m_PrefabInstance: {fileID: 0}
  m_PrefabAsset: {fileID: 0}
  m_GameObject: {fileID: 1206249925595738092}
  m_Material: {fileID: 0}
  m_IsTrigger: 0
  m_Enabled: 1
  m_Radius: 0.5
  m_Height: 3.85
  m_Direction: 1
  m_Center: {x: 0, y: 1.94, z: 0}
--- !u!1 &1304780131900809645
GameObject:
  m_ObjectHideFlags: 0
  m_CorrespondingSourceObject: {fileID: 8139351480072410371, guid: 3dc4b85f3ceeec3449539c09c2166b4e,
    type: 3}
  m_PrefabInstance: {fileID: 5065154304378202055}
  m_PrefabAsset: {fileID: 0}
  serializedVersion: 6
  m_Component:
  - component: {fileID: 6749885954420737263}
  m_Layer: 0
  m_Name: mixamorig:LeftHand
  m_TagString: Untagged
  m_Icon: {fileID: 0}
  m_NavMeshLayer: 0
  m_StaticEditorFlags: 0
  m_IsActive: 1
--- !u!4 &6749885954420737263
Transform:
  m_ObjectHideFlags: 0
  m_CorrespondingSourceObject: {fileID: 8139351480072374563, guid: 3dc4b85f3ceeec3449539c09c2166b4e,
    type: 3}
  m_PrefabInstance: {fileID: 5065154304378202055}
  m_PrefabAsset: {fileID: 0}
  m_GameObject: {fileID: 1304780131900809645}
  m_LocalRotation: {x: 0.87519455, y: 0.1467547, z: -0.036062464, w: -0.4595618}
  m_LocalPosition: {x: -0.21624398, y: 0.013421968, z: 0.022769608}
  m_LocalScale: {x: 1, y: 1, z: 1}
  m_Children:
  - {fileID: 4561164235592821582}
  - {fileID: 5541555955211208949}
  - {fileID: 7425309940823917864}
  - {fileID: 1384444313329792414}
  - {fileID: 5051681115601051982}
  m_Father: {fileID: 3463369505634674992}
  m_RootOrder: 0
  m_LocalEulerAnglesHint: {x: 0, y: 0, z: 0}
--- !u!1 &1351484252044108991
GameObject:
  m_ObjectHideFlags: 0
  m_CorrespondingSourceObject: {fileID: 8139351480072410387, guid: 3dc4b85f3ceeec3449539c09c2166b4e,
    type: 3}
  m_PrefabInstance: {fileID: 5065154304378202055}
  m_PrefabAsset: {fileID: 0}
  serializedVersion: 6
  m_Component:
  - component: {fileID: 7273056392993685063}
  - component: {fileID: 6224897402402155291}
  m_Layer: 0
  m_Name: Enemy
  m_TagString: Untagged
  m_Icon: {fileID: 0}
  m_NavMeshLayer: 0
  m_StaticEditorFlags: 0
  m_IsActive: 1
--- !u!4 &7273056392993685063
Transform:
  m_ObjectHideFlags: 0
  m_CorrespondingSourceObject: {fileID: 8139351480072374579, guid: 3dc4b85f3ceeec3449539c09c2166b4e,
    type: 3}
  m_PrefabInstance: {fileID: 5065154304378202055}
  m_PrefabAsset: {fileID: 0}
  m_GameObject: {fileID: 1351484252044108991}
  m_LocalRotation: {x: -0, y: -0, z: -0, w: 1}
  m_LocalPosition: {x: 0, y: 0, z: 0}
  m_LocalScale: {x: 1, y: 1, z: 1}
  m_Children:
  - {fileID: 6011448095128070964}
  - {fileID: 5720172918808865646}
  m_Father: {fileID: 825466362144511294}
  m_RootOrder: 0
  m_LocalEulerAnglesHint: {x: 0, y: 0, z: 0}
--- !u!95 &6224897402402155291
Animator:
  serializedVersion: 3
  m_ObjectHideFlags: 0
  m_CorrespondingSourceObject: {fileID: 8139351480065156819, guid: 3dc4b85f3ceeec3449539c09c2166b4e,
    type: 3}
  m_PrefabInstance: {fileID: 5065154304378202055}
  m_PrefabAsset: {fileID: 0}
  m_GameObject: {fileID: 1351484252044108991}
  m_Enabled: 1
  m_Avatar: {fileID: 9000000, guid: 879b95dcbf8ca8e4f883e5c6f0e13c3e, type: 3}
  m_Controller: {fileID: 9100000, guid: 42949256c3e84014897a4f3bb6dcb5de, type: 2}
  m_CullingMode: 1
  m_UpdateMode: 0
  m_ApplyRootMotion: 0
  m_LinearVelocityBlending: 0
  m_WarningMessage: 
  m_HasTransformHierarchy: 1
  m_AllowConstantClipSamplingOptimization: 1
  m_KeepAnimatorControllerStateOnDisable: 0
--- !u!1 &1498400091482665770
GameObject:
  m_ObjectHideFlags: 0
  m_CorrespondingSourceObject: {fileID: 8139351480072410379, guid: 3dc4b85f3ceeec3449539c09c2166b4e,
    type: 3}
  m_PrefabInstance: {fileID: 5065154304378202055}
  m_PrefabAsset: {fileID: 0}
  serializedVersion: 6
  m_Component:
  - component: {fileID: 3561285668625440958}
  m_Layer: 0
  m_Name: mixamorig:LeftHandIndex4
  m_TagString: Untagged
  m_Icon: {fileID: 0}
  m_NavMeshLayer: 0
  m_StaticEditorFlags: 0
  m_IsActive: 1
--- !u!4 &3561285668625440958
Transform:
  m_ObjectHideFlags: 0
  m_CorrespondingSourceObject: {fileID: 8139351480072374571, guid: 3dc4b85f3ceeec3449539c09c2166b4e,
    type: 3}
  m_PrefabInstance: {fileID: 5065154304378202055}
  m_PrefabAsset: {fileID: 0}
  m_GameObject: {fileID: 1498400091482665770}
  m_LocalRotation: {x: 0, y: -0, z: -0, w: 1}
  m_LocalPosition: {x: -0.031000307, y: 0.00226793, z: 0.0047821584}
  m_LocalScale: {x: 1, y: 1, z: 1}
  m_Children: []
  m_Father: {fileID: 7197394799342683149}
  m_RootOrder: 0
  m_LocalEulerAnglesHint: {x: 0, y: 0, z: 0}
--- !u!1 &1577643521237713780
GameObject:
  m_ObjectHideFlags: 0
  m_CorrespondingSourceObject: {fileID: 8139351480072410369, guid: 3dc4b85f3ceeec3449539c09c2166b4e,
    type: 3}
  m_PrefabInstance: {fileID: 5065154304378202055}
  m_PrefabAsset: {fileID: 0}
  serializedVersion: 6
  m_Component:
  - component: {fileID: 4561164235592821582}
  m_Layer: 0
  m_Name: mixamorig:LeftHandIndex1
  m_TagString: Untagged
  m_Icon: {fileID: 0}
  m_NavMeshLayer: 0
  m_StaticEditorFlags: 0
  m_IsActive: 1
--- !u!4 &4561164235592821582
Transform:
  m_ObjectHideFlags: 0
  m_CorrespondingSourceObject: {fileID: 8139351480072374561, guid: 3dc4b85f3ceeec3449539c09c2166b4e,
    type: 3}
  m_PrefabInstance: {fileID: 5065154304378202055}
  m_PrefabAsset: {fileID: 0}
  m_GameObject: {fileID: 1577643521237713780}
  m_LocalRotation: {x: 0.04130791, y: -0.0748741, z: 0.2954954, w: 0.95150936}
  m_LocalPosition: {x: -0.11380901, y: 0.00040949055, z: 0.04312168}
  m_LocalScale: {x: 1, y: 1, z: 1}
  m_Children:
  - {fileID: 3469632968153293340}
  m_Father: {fileID: 6749885954420737263}
  m_RootOrder: 0
  m_LocalEulerAnglesHint: {x: 0, y: 0, z: 0}
--- !u!1 &1710525207720290841
GameObject:
  m_ObjectHideFlags: 0
  m_CorrespondingSourceObject: {fileID: 8139351480072410293, guid: 3dc4b85f3ceeec3449539c09c2166b4e,
    type: 3}
  m_PrefabInstance: {fileID: 5065154304378202055}
  m_PrefabAsset: {fileID: 0}
  serializedVersion: 6
  m_Component:
  - component: {fileID: 7221110449506385650}
  m_Layer: 0
  m_Name: mixamorig:RightHandRing1
  m_TagString: Untagged
  m_Icon: {fileID: 0}
  m_NavMeshLayer: 0
  m_StaticEditorFlags: 0
  m_IsActive: 1
--- !u!4 &7221110449506385650
Transform:
  m_ObjectHideFlags: 0
  m_CorrespondingSourceObject: {fileID: 8139351480072374613, guid: 3dc4b85f3ceeec3449539c09c2166b4e,
    type: 3}
  m_PrefabInstance: {fileID: 5065154304378202055}
  m_PrefabAsset: {fileID: 0}
  m_GameObject: {fileID: 1710525207720290841}
  m_LocalRotation: {x: -0.00804994, y: -0.03425759, z: -0.43507567, w: 0.89970595}
  m_LocalPosition: {x: 0.1261158, y: 0.0020421846, z: -0.008134027}
  m_LocalScale: {x: 1, y: 1, z: 1}
  m_Children:
  - {fileID: 5422253163323397885}
  m_Father: {fileID: 3594852878470799970}
  m_RootOrder: 3
  m_LocalEulerAnglesHint: {x: 0, y: 0, z: 0}
--- !u!1 &1802911990394924199
GameObject:
  m_ObjectHideFlags: 0
  m_CorrespondingSourceObject: {fileID: 8139351480072410443, guid: 3dc4b85f3ceeec3449539c09c2166b4e,
    type: 3}
  m_PrefabInstance: {fileID: 5065154304378202055}
  m_PrefabAsset: {fileID: 0}
  serializedVersion: 6
  m_Component:
  - component: {fileID: 4936682222148496643}
  m_Layer: 0
  m_Name: mixamorig:RightHandMiddle2
  m_TagString: Untagged
  m_Icon: {fileID: 0}
  m_NavMeshLayer: 0
  m_StaticEditorFlags: 0
  m_IsActive: 1
--- !u!4 &4936682222148496643
Transform:
  m_ObjectHideFlags: 0
  m_CorrespondingSourceObject: {fileID: 8139351480072374635, guid: 3dc4b85f3ceeec3449539c09c2166b4e,
    type: 3}
  m_PrefabInstance: {fileID: 5065154304378202055}
  m_PrefabAsset: {fileID: 0}
  m_GameObject: {fileID: 1802911990394924199}
  m_LocalRotation: {x: 0.090887874, y: 0.08621412, z: -0.788834, w: 0.6017038}
  m_LocalPosition: {x: 0.039185386, y: -0.0022311502, z: 0.0039071725}
  m_LocalScale: {x: 1, y: 1, z: 1}
  m_Children:
  - {fileID: 4694921505908934318}
  m_Father: {fileID: 183897685060564052}
  m_RootOrder: 0
  m_LocalEulerAnglesHint: {x: 0, y: 0, z: 0}
--- !u!1 &1859507041785086803
GameObject:
  m_ObjectHideFlags: 0
  m_CorrespondingSourceObject: {fileID: 8139351480072410481, guid: 3dc4b85f3ceeec3449539c09c2166b4e,
    type: 3}
  m_PrefabInstance: {fileID: 5065154304378202055}
  m_PrefabAsset: {fileID: 0}
  serializedVersion: 6
  m_Component:
  - component: {fileID: 7425309940823917864}
  m_Layer: 0
  m_Name: mixamorig:LeftHandPinky1
  m_TagString: Untagged
  m_Icon: {fileID: 0}
  m_NavMeshLayer: 0
  m_StaticEditorFlags: 0
  m_IsActive: 1
--- !u!4 &7425309940823917864
Transform:
  m_ObjectHideFlags: 0
  m_CorrespondingSourceObject: {fileID: 8139351480072374545, guid: 3dc4b85f3ceeec3449539c09c2166b4e,
    type: 3}
  m_PrefabInstance: {fileID: 5065154304378202055}
  m_PrefabAsset: {fileID: 0}
  m_GameObject: {fileID: 1859507041785086803}
  m_LocalRotation: {x: -0.030375551, y: 0.042107962, z: 0.52966243, w: 0.846618}
  m_LocalPosition: {x: -0.117172174, y: 0.0026734339, z: -0.029280424}
  m_LocalScale: {x: 1, y: 1, z: 1}
  m_Children:
  - {fileID: 6884927536718161409}
  m_Father: {fileID: 6749885954420737263}
  m_RootOrder: 2
  m_LocalEulerAnglesHint: {x: 0, y: 0, z: 0}
--- !u!1 &1901706316715952490
GameObject:
  m_ObjectHideFlags: 0
  m_CorrespondingSourceObject: {fileID: 8139351480072410383, guid: 3dc4b85f3ceeec3449539c09c2166b4e,
    type: 3}
  m_PrefabInstance: {fileID: 5065154304378202055}
  m_PrefabAsset: {fileID: 0}
  serializedVersion: 6
  m_Component:
  - component: {fileID: 3607875083120910034}
  m_Layer: 0
  m_Name: mixamorig:LeftHandMiddle2
  m_TagString: Untagged
  m_Icon: {fileID: 0}
  m_NavMeshLayer: 0
  m_StaticEditorFlags: 0
  m_IsActive: 1
--- !u!4 &3607875083120910034
Transform:
  m_ObjectHideFlags: 0
  m_CorrespondingSourceObject: {fileID: 8139351480072374575, guid: 3dc4b85f3ceeec3449539c09c2166b4e,
    type: 3}
  m_PrefabInstance: {fileID: 5065154304378202055}
  m_PrefabAsset: {fileID: 0}
  m_GameObject: {fileID: 1901706316715952490}
  m_LocalRotation: {x: 0.07324846, y: -0.071215615, z: 0.50858206, w: 0.8549312}
  m_LocalPosition: {x: -0.03731724, y: -0.0022658503, z: 0.0051106554}
  m_LocalScale: {x: 1, y: 1, z: 1}
  m_Children:
  - {fileID: 5865929064616387223}
  m_Father: {fileID: 5541555955211208949}
  m_RootOrder: 0
  m_LocalEulerAnglesHint: {x: 0, y: 0, z: 0}
--- !u!1 &2654466523745317251
GameObject:
  m_ObjectHideFlags: 0
  m_CorrespondingSourceObject: {fileID: 8139351480072410467, guid: 3dc4b85f3ceeec3449539c09c2166b4e,
    type: 3}
  m_PrefabInstance: {fileID: 5065154304378202055}
  m_PrefabAsset: {fileID: 0}
  serializedVersion: 6
  m_Component:
  - component: {fileID: 7131845854477610799}
  m_Layer: 0
  m_Name: mixamorig:LeftHandRing4
  m_TagString: Untagged
  m_Icon: {fileID: 0}
  m_NavMeshLayer: 0
  m_StaticEditorFlags: 0
  m_IsActive: 1
--- !u!4 &7131845854477610799
Transform:
  m_ObjectHideFlags: 0
  m_CorrespondingSourceObject: {fileID: 8139351480072374531, guid: 3dc4b85f3ceeec3449539c09c2166b4e,
    type: 3}
  m_PrefabInstance: {fileID: 5065154304378202055}
  m_PrefabAsset: {fileID: 0}
  m_GameObject: {fileID: 2654466523745317251}
  m_LocalRotation: {x: 0, y: -0, z: -0, w: 1}
  m_LocalPosition: {x: -0.028687002, y: 0.00016955752, z: 0.0033093651}
  m_LocalScale: {x: 1, y: 1, z: 1}
  m_Children: []
  m_Father: {fileID: 3278878113968965154}
  m_RootOrder: 0
  m_LocalEulerAnglesHint: {x: 0, y: 0, z: 0}
--- !u!1 &2675273982047371203
GameObject:
  m_ObjectHideFlags: 0
  m_CorrespondingSourceObject: {fileID: 8139351480072410291, guid: 3dc4b85f3ceeec3449539c09c2166b4e,
    type: 3}
  m_PrefabInstance: {fileID: 5065154304378202055}
  m_PrefabAsset: {fileID: 0}
  serializedVersion: 6
  m_Component:
  - component: {fileID: 651958261721513636}
  m_Layer: 0
  m_Name: mixamorig:RightHandPinky2
  m_TagString: Untagged
  m_Icon: {fileID: 0}
  m_NavMeshLayer: 0
  m_StaticEditorFlags: 0
  m_IsActive: 1
--- !u!4 &651958261721513636
Transform:
  m_ObjectHideFlags: 0
  m_CorrespondingSourceObject: {fileID: 8139351480072374611, guid: 3dc4b85f3ceeec3449539c09c2166b4e,
    type: 3}
  m_PrefabInstance: {fileID: 5065154304378202055}
  m_PrefabAsset: {fileID: 0}
  m_GameObject: {fileID: 2675273982047371203}
  m_LocalRotation: {x: 0.032608747, y: 0.07917306, z: -0.65534765, w: 0.75045836}
  m_LocalPosition: {x: 0.031232545, y: -0.0014433035, z: 0.00089592877}
  m_LocalScale: {x: 1, y: 1, z: 1}
  m_Children:
  - {fileID: 8178660388898627392}
  m_Father: {fileID: 4697003438952287854}
  m_RootOrder: 0
  m_LocalEulerAnglesHint: {x: 0, y: 0, z: 0}
--- !u!1 &2737693587504680788
GameObject:
  m_ObjectHideFlags: 0
  m_CorrespondingSourceObject: {fileID: 8139351480072410299, guid: 3dc4b85f3ceeec3449539c09c2166b4e,
    type: 3}
  m_PrefabInstance: {fileID: 5065154304378202055}
  m_PrefabAsset: {fileID: 0}
  serializedVersion: 6
  m_Component:
  - component: {fileID: 5422253163323397885}
  m_Layer: 0
  m_Name: mixamorig:RightHandRing2
  m_TagString: Untagged
  m_Icon: {fileID: 0}
  m_NavMeshLayer: 0
  m_StaticEditorFlags: 0
  m_IsActive: 1
--- !u!4 &5422253163323397885
Transform:
  m_ObjectHideFlags: 0
  m_CorrespondingSourceObject: {fileID: 8139351480072374619, guid: 3dc4b85f3ceeec3449539c09c2166b4e,
    type: 3}
  m_PrefabInstance: {fileID: 5065154304378202055}
  m_PrefabAsset: {fileID: 0}
  m_GameObject: {fileID: 2737693587504680788}
  m_LocalRotation: {x: 0.054151714, y: 0.1079503, z: -0.74758387, w: 0.6530947}
  m_LocalPosition: {x: 0.03539257, y: -0.0029480993, z: 0.0003519946}
  m_LocalScale: {x: 1, y: 1, z: 1}
  m_Children:
  - {fileID: 5551709455236191223}
  m_Father: {fileID: 7221110449506385650}
  m_RootOrder: 0
  m_LocalEulerAnglesHint: {x: 0, y: 0, z: 0}
--- !u!1 &2743233541427959667
GameObject:
  m_ObjectHideFlags: 0
  m_CorrespondingSourceObject: {fileID: 8139351480072410491, guid: 3dc4b85f3ceeec3449539c09c2166b4e,
    type: 3}
  m_PrefabInstance: {fileID: 5065154304378202055}
  m_PrefabAsset: {fileID: 0}
  serializedVersion: 6
  m_Component:
  - component: {fileID: 5269619943947339057}
  m_Layer: 0
  m_Name: mixamorig:LeftHandPinky4
  m_TagString: Untagged
  m_Icon: {fileID: 0}
  m_NavMeshLayer: 0
  m_StaticEditorFlags: 0
  m_IsActive: 1
--- !u!4 &5269619943947339057
Transform:
  m_ObjectHideFlags: 0
  m_CorrespondingSourceObject: {fileID: 8139351480072374555, guid: 3dc4b85f3ceeec3449539c09c2166b4e,
    type: 3}
  m_PrefabInstance: {fileID: 5065154304378202055}
  m_PrefabAsset: {fileID: 0}
  m_GameObject: {fileID: 2743233541427959667}
  m_LocalRotation: {x: 0, y: -0, z: -0, w: 1}
  m_LocalPosition: {x: -0.027655952, y: 0.0037301558, z: 0.0025990796}
  m_LocalScale: {x: 1, y: 1, z: 1}
  m_Children: []
  m_Father: {fileID: 3849184516266287214}
  m_RootOrder: 0
  m_LocalEulerAnglesHint: {x: 0, y: 0, z: 0}
--- !u!1 &2841565436874450805
GameObject:
  m_ObjectHideFlags: 0
  m_CorrespondingSourceObject: {fileID: 8139351480072410259, guid: 3dc4b85f3ceeec3449539c09c2166b4e,
    type: 3}
  m_PrefabInstance: {fileID: 5065154304378202055}
  m_PrefabAsset: {fileID: 0}
  serializedVersion: 6
  m_Component:
  - component: {fileID: 6067552776868299141}
  m_Layer: 0
  m_Name: mixamorig:Spine
  m_TagString: Untagged
  m_Icon: {fileID: 0}
  m_NavMeshLayer: 0
  m_StaticEditorFlags: 0
  m_IsActive: 1
--- !u!4 &6067552776868299141
Transform:
  m_ObjectHideFlags: 0
  m_CorrespondingSourceObject: {fileID: 8139351480072374451, guid: 3dc4b85f3ceeec3449539c09c2166b4e,
    type: 3}
  m_PrefabInstance: {fileID: 5065154304378202055}
  m_PrefabAsset: {fileID: 0}
  m_GameObject: {fileID: 2841565436874450805}
  m_LocalRotation: {x: 0.49108875, y: -0.0131605, z: -0.023183042, w: 0.87070155}
  m_LocalPosition: {x: 0.00023012466, y: 0.09414486, z: -0.00095783925}
  m_LocalScale: {x: 1, y: 1, z: 1}
  m_Children:
  - {fileID: 1430229801453731386}
  m_Father: {fileID: 5720172918808865646}
  m_RootOrder: 2
  m_LocalEulerAnglesHint: {x: 0, y: 0, z: 0}
--- !u!1 &2932993973133940197
GameObject:
  m_ObjectHideFlags: 0
  m_CorrespondingSourceObject: {fileID: 8139351480072410471, guid: 3dc4b85f3ceeec3449539c09c2166b4e,
    type: 3}
  m_PrefabInstance: {fileID: 5065154304378202055}
  m_PrefabAsset: {fileID: 0}
  serializedVersion: 6
  m_Component:
  - component: {fileID: 463714036964575655}
  m_Layer: 0
  m_Name: mixamorig:LeftHandThumb2
  m_TagString: Untagged
  m_Icon: {fileID: 0}
  m_NavMeshLayer: 0
  m_StaticEditorFlags: 0
  m_IsActive: 1
--- !u!4 &463714036964575655
Transform:
  m_ObjectHideFlags: 0
  m_CorrespondingSourceObject: {fileID: 8139351480072374535, guid: 3dc4b85f3ceeec3449539c09c2166b4e,
    type: 3}
  m_PrefabInstance: {fileID: 5065154304378202055}
  m_PrefabAsset: {fileID: 0}
  m_GameObject: {fileID: 2932993973133940197}
  m_LocalRotation: {x: 0.112195075, y: -0.03845094, z: -0.15650836, w: 0.98052996}
  m_LocalPosition: {x: -0.026825087, y: -0.010522145, z: 0.02697076}
  m_LocalScale: {x: 1, y: 1, z: 1}
  m_Children:
  - {fileID: 5373957773759292699}
  m_Father: {fileID: 5051681115601051982}
  m_RootOrder: 0
  m_LocalEulerAnglesHint: {x: 0, y: 0, z: 0}
--- !u!1 &2951670775523574615
GameObject:
  m_ObjectHideFlags: 0
  m_CorrespondingSourceObject: {fileID: 8139351480072410453, guid: 3dc4b85f3ceeec3449539c09c2166b4e,
    type: 3}
  m_PrefabInstance: {fileID: 5065154304378202055}
  m_PrefabAsset: {fileID: 0}
  serializedVersion: 6
  m_Component:
  - component: {fileID: 4614962890058710043}
  m_Layer: 0
  m_Name: mixamorig:RightArm
  m_TagString: Untagged
  m_Icon: {fileID: 0}
  m_NavMeshLayer: 0
  m_StaticEditorFlags: 0
  m_IsActive: 1
--- !u!4 &4614962890058710043
Transform:
  m_ObjectHideFlags: 0
  m_CorrespondingSourceObject: {fileID: 8139351480072374645, guid: 3dc4b85f3ceeec3449539c09c2166b4e,
    type: 3}
  m_PrefabInstance: {fileID: 5065154304378202055}
  m_PrefabAsset: {fileID: 0}
  m_GameObject: {fileID: 2951670775523574615}
  m_LocalRotation: {x: 0.030531432, y: -0.49702194, z: -0.49502617, w: 0.7120296}
  m_LocalPosition: {x: 0.11269519, y: -0.0038631994, z: -0.01549485}
  m_LocalScale: {x: 1, y: 1, z: 1}
  m_Children:
  - {fileID: 4851490810574960293}
  m_Father: {fileID: 8977649332715552179}
  m_RootOrder: 0
  m_LocalEulerAnglesHint: {x: 0, y: 0, z: 0}
--- !u!1 &3143392061360070834
GameObject:
  m_ObjectHideFlags: 0
  m_CorrespondingSourceObject: {fileID: 8139351480072410373, guid: 3dc4b85f3ceeec3449539c09c2166b4e,
    type: 3}
  m_PrefabInstance: {fileID: 5065154304378202055}
  m_PrefabAsset: {fileID: 0}
  serializedVersion: 6
  m_Component:
  - component: {fileID: 7197394799342683149}
  m_Layer: 0
  m_Name: mixamorig:LeftHandIndex3
  m_TagString: Untagged
  m_Icon: {fileID: 0}
  m_NavMeshLayer: 0
  m_StaticEditorFlags: 0
  m_IsActive: 1
--- !u!4 &7197394799342683149
Transform:
  m_ObjectHideFlags: 0
  m_CorrespondingSourceObject: {fileID: 8139351480072374565, guid: 3dc4b85f3ceeec3449539c09c2166b4e,
    type: 3}
  m_PrefabInstance: {fileID: 5065154304378202055}
  m_PrefabAsset: {fileID: 0}
  m_GameObject: {fileID: 3143392061360070834}
  m_LocalRotation: {x: 0.04582375, y: -0.0052091177, z: 0.25477085, w: 0.9659011}
  m_LocalPosition: {x: -0.029174883, y: -0.0009647979, z: 0.006023709}
  m_LocalScale: {x: 1, y: 1, z: 1}
  m_Children:
  - {fileID: 3561285668625440958}
  m_Father: {fileID: 3469632968153293340}
  m_RootOrder: 0
  m_LocalEulerAnglesHint: {x: 0, y: 0, z: 0}
--- !u!1 &3187468789539386692
GameObject:
  m_ObjectHideFlags: 0
  m_CorrespondingSourceObject: {fileID: 8139351480072410257, guid: 3dc4b85f3ceeec3449539c09c2166b4e,
    type: 3}
  m_PrefabInstance: {fileID: 5065154304378202055}
  m_PrefabAsset: {fileID: 0}
  serializedVersion: 6
  m_Component:
  - component: {fileID: 1430229801453731386}
  m_Layer: 0
  m_Name: mixamorig:Spine1
  m_TagString: Untagged
  m_Icon: {fileID: 0}
  m_NavMeshLayer: 0
  m_StaticEditorFlags: 0
  m_IsActive: 1
--- !u!4 &1430229801453731386
Transform:
  m_ObjectHideFlags: 0
  m_CorrespondingSourceObject: {fileID: 8139351480072374449, guid: 3dc4b85f3ceeec3449539c09c2166b4e,
    type: 3}
  m_PrefabInstance: {fileID: 5065154304378202055}
  m_PrefabAsset: {fileID: 0}
  m_GameObject: {fileID: 3187468789539386692}
  m_LocalRotation: {x: 0.09321028, y: -0.010154916, z: 0.03866465, w: 0.9948436}
  m_LocalPosition: {x: 0.00026847867, y: 0.109835595, z: -0.0011174864}
  m_LocalScale: {x: 1, y: 1, z: 1}
  m_Children:
  - {fileID: 5876133257095769717}
  m_Father: {fileID: 6067552776868299141}
  m_RootOrder: 0
  m_LocalEulerAnglesHint: {x: 0, y: 0, z: 0}
--- !u!1 &3209353054431632198
GameObject:
  m_ObjectHideFlags: 0
  m_CorrespondingSourceObject: {fileID: 8139351480072410389, guid: 3dc4b85f3ceeec3449539c09c2166b4e,
    type: 3}
  m_PrefabInstance: {fileID: 5065154304378202055}
  m_PrefabAsset: {fileID: 0}
  serializedVersion: 6
  m_Component:
  - component: {fileID: 8008109866700576646}
  m_Layer: 0
  m_Name: mixamorig:HeadTop_End
  m_TagString: Untagged
  m_Icon: {fileID: 0}
  m_NavMeshLayer: 0
  m_StaticEditorFlags: 0
  m_IsActive: 1
--- !u!4 &8008109866700576646
Transform:
  m_ObjectHideFlags: 0
  m_CorrespondingSourceObject: {fileID: 8139351480072374581, guid: 3dc4b85f3ceeec3449539c09c2166b4e,
    type: 3}
  m_PrefabInstance: {fileID: 5065154304378202055}
  m_PrefabAsset: {fileID: 0}
  m_GameObject: {fileID: 3209353054431632198}
  m_LocalRotation: {x: 0, y: -0, z: -0, w: 1}
  m_LocalPosition: {x: 3.00784e-10, y: 0.22094217, z: 0.06516106}
  m_LocalScale: {x: 1, y: 1, z: 1}
  m_Children: []
  m_Father: {fileID: 3212317742250766725}
  m_RootOrder: 0
  m_LocalEulerAnglesHint: {x: 0, y: 0, z: 0}
--- !u!1 &3226038491524354456
GameObject:
  m_ObjectHideFlags: 0
  m_CorrespondingSourceObject: {fileID: 8139351480072410465, guid: 3dc4b85f3ceeec3449539c09c2166b4e,
    type: 3}
  m_PrefabInstance: {fileID: 5065154304378202055}
  m_PrefabAsset: {fileID: 0}
  serializedVersion: 6
  m_Component:
  - component: {fileID: 5051681115601051982}
  m_Layer: 0
  m_Name: mixamorig:LeftHandThumb1
  m_TagString: Untagged
  m_Icon: {fileID: 0}
  m_NavMeshLayer: 0
  m_StaticEditorFlags: 0
  m_IsActive: 1
--- !u!4 &5051681115601051982
Transform:
  m_ObjectHideFlags: 0
  m_CorrespondingSourceObject: {fileID: 8139351480072374529, guid: 3dc4b85f3ceeec3449539c09c2166b4e,
    type: 3}
  m_PrefabInstance: {fileID: 5065154304378202055}
  m_PrefabAsset: {fileID: 0}
  m_GameObject: {fileID: 3226038491524354456}
  m_LocalRotation: {x: 0.10079677, y: -0.14619702, z: 0.0151437195, w: 0.98399043}
  m_LocalPosition: {x: -0.033531487, y: -0.013152749, z: 0.033713426}
  m_LocalScale: {x: 1, y: 1, z: 1}
  m_Children:
  - {fileID: 463714036964575655}
  m_Father: {fileID: 6749885954420737263}
  m_RootOrder: 4
  m_LocalEulerAnglesHint: {x: 0, y: 0, z: 0}
--- !u!1 &3640929374855191137
GameObject:
  m_ObjectHideFlags: 0
  m_CorrespondingSourceObject: {fileID: 8139351480072410487, guid: 3dc4b85f3ceeec3449539c09c2166b4e,
    type: 3}
  m_PrefabInstance: {fileID: 5065154304378202055}
  m_PrefabAsset: {fileID: 0}
  serializedVersion: 6
  m_Component:
  - component: {fileID: 6884927536718161409}
  m_Layer: 0
  m_Name: mixamorig:LeftHandPinky2
  m_TagString: Untagged
  m_Icon: {fileID: 0}
  m_NavMeshLayer: 0
  m_StaticEditorFlags: 0
  m_IsActive: 1
--- !u!4 &6884927536718161409
Transform:
  m_ObjectHideFlags: 0
  m_CorrespondingSourceObject: {fileID: 8139351480072374551, guid: 3dc4b85f3ceeec3449539c09c2166b4e,
    type: 3}
  m_PrefabInstance: {fileID: 5065154304378202055}
  m_PrefabAsset: {fileID: 0}
  m_GameObject: {fileID: 3640929374855191137}
  m_LocalRotation: {x: 0.017428711, y: -0.093216054, z: 0.56101495, w: 0.8223559}
  m_LocalPosition: {x: -0.031892538, y: -0.0036196413, z: -0.000058144935}
  m_LocalScale: {x: 1, y: 1, z: 1}
  m_Children:
  - {fileID: 3849184516266287214}
  m_Father: {fileID: 7425309940823917864}
  m_RootOrder: 0
  m_LocalEulerAnglesHint: {x: 0, y: 0, z: 0}
--- !u!1 &3689739189945799544
GameObject:
  m_ObjectHideFlags: 0
  m_CorrespondingSourceObject: {fileID: 8139351480072410455, guid: 3dc4b85f3ceeec3449539c09c2166b4e,
    type: 3}
  m_PrefabInstance: {fileID: 5065154304378202055}
  m_PrefabAsset: {fileID: 0}
  serializedVersion: 6
  m_Component:
  - component: {fileID: 2512824454303101707}
  m_Layer: 0
  m_Name: mixamorig:Neck
  m_TagString: Untagged
  m_Icon: {fileID: 0}
  m_NavMeshLayer: 0
  m_StaticEditorFlags: 0
  m_IsActive: 1
--- !u!4 &2512824454303101707
Transform:
  m_ObjectHideFlags: 0
  m_CorrespondingSourceObject: {fileID: 8139351480072374647, guid: 3dc4b85f3ceeec3449539c09c2166b4e,
    type: 3}
  m_PrefabInstance: {fileID: 5065154304378202055}
  m_PrefabAsset: {fileID: 0}
  m_GameObject: {fileID: 3689739189945799544}
  m_LocalRotation: {x: -0.09107214, y: -0.06379538, z: -0.015592236, w: 0.9936765}
  m_LocalPosition: {x: 0.00034518706, y: 0.14121723, z: -0.0014367558}
  m_LocalScale: {x: 1, y: 1, z: 1}
  m_Children:
  - {fileID: 3212317742250766725}
  m_Father: {fileID: 5876133257095769717}
  m_RootOrder: 1
  m_LocalEulerAnglesHint: {x: 0, y: 0, z: 0}
--- !u!1 &3729691953676754955
GameObject:
  m_ObjectHideFlags: 0
  m_CorrespondingSourceObject: {fileID: 8139351480072410397, guid: 3dc4b85f3ceeec3449539c09c2166b4e,
    type: 3}
  m_PrefabInstance: {fileID: 5065154304378202055}
  m_PrefabAsset: {fileID: 0}
  serializedVersion: 6
  m_Component:
  - component: {fileID: 3463369505634674992}
  m_Layer: 0
  m_Name: mixamorig:LeftForeArm
  m_TagString: Untagged
  m_Icon: {fileID: 0}
  m_NavMeshLayer: 0
  m_StaticEditorFlags: 0
  m_IsActive: 1
--- !u!4 &3463369505634674992
Transform:
  m_ObjectHideFlags: 0
  m_CorrespondingSourceObject: {fileID: 8139351480072374589, guid: 3dc4b85f3ceeec3449539c09c2166b4e,
    type: 3}
  m_PrefabInstance: {fileID: 5065154304378202055}
  m_PrefabAsset: {fileID: 0}
  m_GameObject: {fileID: 3729691953676754955}
  m_LocalRotation: {x: 0.014380836, y: 0.37116528, z: 0.024099763, w: 0.9281426}
  m_LocalPosition: {x: -0.20823868, y: 0.0018037735, z: 0.00045792494}
  m_LocalScale: {x: 1, y: 1, z: 1}
  m_Children:
  - {fileID: 6749885954420737263}
  m_Father: {fileID: 4118461914975062117}
  m_RootOrder: 0
  m_LocalEulerAnglesHint: {x: 0, y: 0, z: 0}
--- !u!1 &3802600486959343973
GameObject:
  m_ObjectHideFlags: 0
  m_CorrespondingSourceObject: {fileID: 8139351480072410493, guid: 3dc4b85f3ceeec3449539c09c2166b4e,
    type: 3}
  m_PrefabInstance: {fileID: 5065154304378202055}
  m_PrefabAsset: {fileID: 0}
  serializedVersion: 6
  m_Component:
  - component: {fileID: 3278878113968965154}
  m_Layer: 0
  m_Name: mixamorig:LeftHandRing3
  m_TagString: Untagged
  m_Icon: {fileID: 0}
  m_NavMeshLayer: 0
  m_StaticEditorFlags: 0
  m_IsActive: 1
--- !u!4 &3278878113968965154
Transform:
  m_ObjectHideFlags: 0
  m_CorrespondingSourceObject: {fileID: 8139351480072374557, guid: 3dc4b85f3ceeec3449539c09c2166b4e,
    type: 3}
  m_PrefabInstance: {fileID: 5065154304378202055}
  m_PrefabAsset: {fileID: 0}
  m_GameObject: {fileID: 3802600486959343973}
  m_LocalRotation: {x: 0.032296687, y: -0.0346703, z: 0.2748176, w: 0.96032816}
  m_LocalPosition: {x: -0.03210962, y: -0.0034942885, z: 0.0034268894}
  m_LocalScale: {x: 1, y: 1, z: 1}
  m_Children:
  - {fileID: 7131845854477610799}
  m_Father: {fileID: 8022526060335287427}
  m_RootOrder: 0
  m_LocalEulerAnglesHint: {x: 0, y: 0, z: 0}
--- !u!1 &3918315665249743296
GameObject:
  m_ObjectHideFlags: 0
  m_CorrespondingSourceObject: {fileID: 8139351480072410449, guid: 3dc4b85f3ceeec3449539c09c2166b4e,
    type: 3}
  m_PrefabInstance: {fileID: 5065154304378202055}
  m_PrefabAsset: {fileID: 0}
  serializedVersion: 6
  m_Component:
  - component: {fileID: 4586030587678221316}
  m_Layer: 0
  m_Name: mixamorig:LeftUpLeg
  m_TagString: Untagged
  m_Icon: {fileID: 0}
  m_NavMeshLayer: 0
  m_StaticEditorFlags: 0
  m_IsActive: 1
--- !u!4 &4586030587678221316
Transform:
  m_ObjectHideFlags: 0
  m_CorrespondingSourceObject: {fileID: 8139351480072374641, guid: 3dc4b85f3ceeec3449539c09c2166b4e,
    type: 3}
  m_PrefabInstance: {fileID: 5065154304378202055}
  m_PrefabAsset: {fileID: 0}
  m_GameObject: {fileID: 3918315665249743296}
  m_LocalRotation: {x: -0.5813558, y: -0.083616525, z: -0.17947672, w: 0.7891906}
  m_LocalPosition: {x: -0.098978356, y: -0.05230269, z: 0.0031023761}
  m_LocalScale: {x: 1, y: 1, z: 1}
  m_Children:
  - {fileID: 4124041221878700099}
  m_Father: {fileID: 5720172918808865646}
  m_RootOrder: 0
  m_LocalEulerAnglesHint: {x: 0, y: 0, z: 0}
--- !u!1 &3947326525635467125
GameObject:
  m_ObjectHideFlags: 0
  m_CorrespondingSourceObject: {fileID: 8139351480072410459, guid: 3dc4b85f3ceeec3449539c09c2166b4e,
    type: 3}
  m_PrefabInstance: {fileID: 5065154304378202055}
  m_PrefabAsset: {fileID: 0}
  serializedVersion: 6
  m_Component:
  - component: {fileID: 8529174363184604709}
  m_Layer: 0
  m_Name: mixamorig:RightFoot
  m_TagString: Untagged
  m_Icon: {fileID: 0}
  m_NavMeshLayer: 0
  m_StaticEditorFlags: 0
  m_IsActive: 1
--- !u!4 &8529174363184604709
Transform:
  m_ObjectHideFlags: 0
  m_CorrespondingSourceObject: {fileID: 8139351480072374651, guid: 3dc4b85f3ceeec3449539c09c2166b4e,
    type: 3}
  m_PrefabInstance: {fileID: 5065154304378202055}
  m_PrefabAsset: {fileID: 0}
  m_GameObject: {fileID: 3947326525635467125}
  m_LocalRotation: {x: -0.31049737, y: 0.052326612, z: -0.2214975, w: 0.9229259}
  m_LocalPosition: {x: 0.01170955, y: -0.42737368, z: -0.010319859}
  m_LocalScale: {x: 1, y: 1, z: 1}
  m_Children:
  - {fileID: 4088268224121288438}
  m_Father: {fileID: 5004609449987117443}
  m_RootOrder: 0
  m_LocalEulerAnglesHint: {x: 0, y: 0, z: 0}
--- !u!1 &4056538410520809417
GameObject:
  m_ObjectHideFlags: 0
  m_CorrespondingSourceObject: {fileID: 8139351480072410473, guid: 3dc4b85f3ceeec3449539c09c2166b4e,
    type: 3}
  m_PrefabInstance: {fileID: 5065154304378202055}
  m_PrefabAsset: {fileID: 0}
  serializedVersion: 6
  m_Component:
  - component: {fileID: 4124041221878700099}
  m_Layer: 0
  m_Name: mixamorig:LeftLeg
  m_TagString: Untagged
  m_Icon: {fileID: 0}
  m_NavMeshLayer: 0
  m_StaticEditorFlags: 0
  m_IsActive: 1
--- !u!4 &4124041221878700099
Transform:
  m_ObjectHideFlags: 0
  m_CorrespondingSourceObject: {fileID: 8139351480072374537, guid: 3dc4b85f3ceeec3449539c09c2166b4e,
    type: 3}
  m_PrefabInstance: {fileID: 5065154304378202055}
  m_PrefabAsset: {fileID: 0}
  m_GameObject: {fileID: 4056538410520809417}
  m_LocalRotation: {x: 0.869339, y: 0.012057824, z: 0.07575949, w: 0.48822623}
  m_LocalPosition: {x: -0.011514344, y: -0.38347504, z: 0.0011275873}
  m_LocalScale: {x: 1, y: 1, z: 1}
  m_Children:
  - {fileID: 1568735252739354973}
  m_Father: {fileID: 4586030587678221316}
  m_RootOrder: 0
  m_LocalEulerAnglesHint: {x: 0, y: 0, z: 0}
--- !u!1 &4100260539231417852
GameObject:
  m_ObjectHideFlags: 0
  m_CorrespondingSourceObject: {fileID: 8139351480072410285, guid: 3dc4b85f3ceeec3449539c09c2166b4e,
    type: 3}
  m_PrefabInstance: {fileID: 5065154304378202055}
  m_PrefabAsset: {fileID: 0}
  serializedVersion: 6
  m_Component:
  - component: {fileID: 7201651174552704853}
  m_Layer: 0
  m_Name: mixamorig:RightUpLeg
  m_TagString: Untagged
  m_Icon: {fileID: 0}
  m_NavMeshLayer: 0
  m_StaticEditorFlags: 0
  m_IsActive: 1
--- !u!4 &7201651174552704853
Transform:
  m_ObjectHideFlags: 0
  m_CorrespondingSourceObject: {fileID: 8139351480072374605, guid: 3dc4b85f3ceeec3449539c09c2166b4e,
    type: 3}
  m_PrefabInstance: {fileID: 5065154304378202055}
  m_PrefabAsset: {fileID: 0}
  m_GameObject: {fileID: 4100260539231417852}
  m_LocalRotation: {x: -0.26267648, y: -0.19478321, z: 0.062082756, w: 0.94297737}
  m_LocalPosition: {x: 0.09802256, y: -0.05230269, z: 0.0034074758}
  m_LocalScale: {x: 1, y: 1, z: 1}
  m_Children:
  - {fileID: 5004609449987117443}
  m_Father: {fileID: 5720172918808865646}
  m_RootOrder: 1
  m_LocalEulerAnglesHint: {x: 0, y: 0, z: 0}
--- !u!1 &4145801390063131038
GameObject:
  m_ObjectHideFlags: 0
  m_CorrespondingSourceObject: {fileID: 8139351480072410377, guid: 3dc4b85f3ceeec3449539c09c2166b4e,
    type: 3}
  m_PrefabInstance: {fileID: 5065154304378202055}
  m_PrefabAsset: {fileID: 0}
  serializedVersion: 6
  m_Component:
  - component: {fileID: 5541555955211208949}
  m_Layer: 0
  m_Name: mixamorig:LeftHandMiddle1
  m_TagString: Untagged
  m_Icon: {fileID: 0}
  m_NavMeshLayer: 0
  m_StaticEditorFlags: 0
  m_IsActive: 1
--- !u!4 &5541555955211208949
Transform:
  m_ObjectHideFlags: 0
  m_CorrespondingSourceObject: {fileID: 8139351480072374569, guid: 3dc4b85f3ceeec3449539c09c2166b4e,
    type: 3}
  m_PrefabInstance: {fileID: 5065154304378202055}
  m_PrefabAsset: {fileID: 0}
  m_GameObject: {fileID: 4145801390063131038}
  m_LocalRotation: {x: 0.039466947, y: -0.05259761, z: 0.3902531, w: 0.91835636}
  m_LocalPosition: {x: -0.12358051, y: 0.0055603683, z: 0.01936666}
  m_LocalScale: {x: 1, y: 1, z: 1}
  m_Children:
  - {fileID: 3607875083120910034}
  m_Father: {fileID: 6749885954420737263}
  m_RootOrder: 1
  m_LocalEulerAnglesHint: {x: 0, y: 0, z: 0}
--- !u!1 &4207850536749695844
GameObject:
  m_ObjectHideFlags: 0
  m_CorrespondingSourceObject: {fileID: 8139351480072410457, guid: 3dc4b85f3ceeec3449539c09c2166b4e,
    type: 3}
  m_PrefabInstance: {fileID: 5065154304378202055}
  m_PrefabAsset: {fileID: 0}
  serializedVersion: 6
  m_Component:
  - component: {fileID: 4851490810574960293}
  m_Layer: 0
  m_Name: mixamorig:RightForeArm
  m_TagString: Untagged
  m_Icon: {fileID: 0}
  m_NavMeshLayer: 0
  m_StaticEditorFlags: 0
  m_IsActive: 1
--- !u!4 &4851490810574960293
Transform:
  m_ObjectHideFlags: 0
  m_CorrespondingSourceObject: {fileID: 8139351480072374649, guid: 3dc4b85f3ceeec3449539c09c2166b4e,
    type: 3}
  m_PrefabInstance: {fileID: 5065154304378202055}
  m_PrefabAsset: {fileID: 0}
  m_GameObject: {fileID: 4207850536749695844}
  m_LocalRotation: {x: 0.02467322, y: -0.7840169, z: 0.006782624, w: 0.62021184}
  m_LocalPosition: {x: 0.21129744, y: 0.009324157, z: 0.020324197}
  m_LocalScale: {x: 1, y: 1, z: 1}
  m_Children:
  - {fileID: 3594852878470799970}
  m_Father: {fileID: 4614962890058710043}
  m_RootOrder: 0
  m_LocalEulerAnglesHint: {x: 0, y: 0, z: 0}
--- !u!1 &4228068950754007362
GameObject:
  m_ObjectHideFlags: 0
  m_CorrespondingSourceObject: {fileID: 8139351480072410469, guid: 3dc4b85f3ceeec3449539c09c2166b4e,
    type: 3}
  m_PrefabInstance: {fileID: 5065154304378202055}
  m_PrefabAsset: {fileID: 0}
  serializedVersion: 6
  m_Component:
  - component: {fileID: 5373957773759292699}
  m_Layer: 0
  m_Name: mixamorig:LeftHandThumb3
  m_TagString: Untagged
  m_Icon: {fileID: 0}
  m_NavMeshLayer: 0
  m_StaticEditorFlags: 0
  m_IsActive: 1
--- !u!4 &5373957773759292699
Transform:
  m_ObjectHideFlags: 0
  m_CorrespondingSourceObject: {fileID: 8139351480072374533, guid: 3dc4b85f3ceeec3449539c09c2166b4e,
    type: 3}
  m_PrefabInstance: {fileID: 5065154304378202055}
  m_PrefabAsset: {fileID: 0}
  m_GameObject: {fileID: 4228068950754007362}
  m_LocalRotation: {x: -0.04957523, y: 0.14624903, z: 0.011519328, w: 0.9879377}
  m_LocalPosition: {x: -0.024201091, y: -0.014835126, z: 0.028836347}
  m_LocalScale: {x: 1, y: 1, z: 1}
  m_Children:
  - {fileID: 622915686045651318}
  m_Father: {fileID: 463714036964575655}
  m_RootOrder: 0
  m_LocalEulerAnglesHint: {x: 0, y: 0, z: 0}
--- !u!1 &4343717214696698697
GameObject:
  m_ObjectHideFlags: 0
  m_CorrespondingSourceObject: {fileID: 8139351480072410303, guid: 3dc4b85f3ceeec3449539c09c2166b4e,
    type: 3}
  m_PrefabInstance: {fileID: 5065154304378202055}
  m_PrefabAsset: {fileID: 0}
  serializedVersion: 6
  m_Component:
  - component: {fileID: 7077404896907395483}
  m_Layer: 0
  m_Name: mixamorig:RightHandRing4
  m_TagString: Untagged
  m_Icon: {fileID: 0}
  m_NavMeshLayer: 0
  m_StaticEditorFlags: 0
  m_IsActive: 1
--- !u!4 &7077404896907395483
Transform:
  m_ObjectHideFlags: 0
  m_CorrespondingSourceObject: {fileID: 8139351480072374623, guid: 3dc4b85f3ceeec3449539c09c2166b4e,
    type: 3}
  m_PrefabInstance: {fileID: 5065154304378202055}
  m_PrefabAsset: {fileID: 0}
  m_GameObject: {fileID: 4343717214696698697}
  m_LocalRotation: {x: 0, y: -0, z: -0, w: 1}
  m_LocalPosition: {x: 0.03099565, y: 0.0029893862, z: 0.0037628233}
  m_LocalScale: {x: 1, y: 1, z: 1}
  m_Children: []
  m_Father: {fileID: 5551709455236191223}
  m_RootOrder: 0
  m_LocalEulerAnglesHint: {x: 0, y: 0, z: 0}
--- !u!1 &4346556286604298280
GameObject:
  m_ObjectHideFlags: 0
  m_CorrespondingSourceObject: {fileID: 8139351480072410475, guid: 3dc4b85f3ceeec3449539c09c2166b4e,
    type: 3}
  m_PrefabInstance: {fileID: 5065154304378202055}
  m_PrefabAsset: {fileID: 0}
  serializedVersion: 6
  m_Component:
  - component: {fileID: 622915686045651318}
  m_Layer: 0
  m_Name: mixamorig:LeftHandThumb4
  m_TagString: Untagged
  m_Icon: {fileID: 0}
  m_NavMeshLayer: 0
  m_StaticEditorFlags: 0
  m_IsActive: 1
--- !u!4 &622915686045651318
Transform:
  m_ObjectHideFlags: 0
  m_CorrespondingSourceObject: {fileID: 8139351480072374539, guid: 3dc4b85f3ceeec3449539c09c2166b4e,
    type: 3}
  m_PrefabInstance: {fileID: 5065154304378202055}
  m_PrefabAsset: {fileID: 0}
  m_GameObject: {fileID: 4346556286604298280}
  m_LocalRotation: {x: 0, y: -0, z: -0, w: 1}
  m_LocalPosition: {x: -0.020799205, y: -0.010650103, z: 0.018694654}
  m_LocalScale: {x: 1, y: 1, z: 1}
  m_Children: []
  m_Father: {fileID: 5373957773759292699}
  m_RootOrder: 0
  m_LocalEulerAnglesHint: {x: 0, y: 0, z: 0}
--- !u!1 &4350112022042191970
GameObject:
  m_ObjectHideFlags: 0
  m_CorrespondingSourceObject: {fileID: 8139351480072410395, guid: 3dc4b85f3ceeec3449539c09c2166b4e,
    type: 3}
  m_PrefabInstance: {fileID: 5065154304378202055}
  m_PrefabAsset: {fileID: 0}
  serializedVersion: 6
  m_Component:
  - component: {fileID: 5720172918808865646}
  m_Layer: 0
  m_Name: mixamorig:Hips
  m_TagString: Untagged
  m_Icon: {fileID: 0}
  m_NavMeshLayer: 0
  m_StaticEditorFlags: 0
  m_IsActive: 1
--- !u!4 &5720172918808865646
Transform:
  m_ObjectHideFlags: 0
  m_CorrespondingSourceObject: {fileID: 8139351480072374587, guid: 3dc4b85f3ceeec3449539c09c2166b4e,
    type: 3}
  m_PrefabInstance: {fileID: 5065154304378202055}
  m_PrefabAsset: {fileID: 0}
  m_GameObject: {fileID: 4350112022042191970}
  m_LocalRotation: {x: -0.28174797, y: 0.3217406, z: 0.061688274, w: 0.90182906}
  m_LocalPosition: {x: -0.005264759, y: 0.46183413, z: -0.010503044}
  m_LocalScale: {x: 1, y: 1, z: 1}
  m_Children:
  - {fileID: 4586030587678221316}
  - {fileID: 7201651174552704853}
  - {fileID: 6067552776868299141}
  m_Father: {fileID: 7273056392993685063}
  m_RootOrder: 1
  m_LocalEulerAnglesHint: {x: 0, y: 0, z: 0}
--- !u!1 &4482111843070993935
GameObject:
  m_ObjectHideFlags: 0
  m_CorrespondingSourceObject: {fileID: 8139351480072410439, guid: 3dc4b85f3ceeec3449539c09c2166b4e,
    type: 3}
  m_PrefabInstance: {fileID: 5065154304378202055}
  m_PrefabAsset: {fileID: 0}
  serializedVersion: 6
  m_Component:
  - component: {fileID: 5929041994695342719}
  m_Layer: 0
  m_Name: mixamorig:RightHandIndex4
  m_TagString: Untagged
  m_Icon: {fileID: 0}
  m_NavMeshLayer: 0
  m_StaticEditorFlags: 0
  m_IsActive: 1
--- !u!4 &5929041994695342719
Transform:
  m_ObjectHideFlags: 0
  m_CorrespondingSourceObject: {fileID: 8139351480072374631, guid: 3dc4b85f3ceeec3449539c09c2166b4e,
    type: 3}
  m_PrefabInstance: {fileID: 5065154304378202055}
  m_PrefabAsset: {fileID: 0}
  m_GameObject: {fileID: 4482111843070993935}
  m_LocalRotation: {x: 0, y: -0, z: -0, w: 1}
  m_LocalPosition: {x: 0.02946824, y: 0.0016079876, z: 0.0047241384}
  m_LocalScale: {x: 1, y: 1, z: 1}
  m_Children: []
  m_Father: {fileID: 6209240395861803627}
  m_RootOrder: 0
  m_LocalEulerAnglesHint: {x: 0, y: 0, z: 0}
--- !u!1 &4668657105792042353
GameObject:
  m_ObjectHideFlags: 0
  m_CorrespondingSourceObject: {fileID: 8139351480072410399, guid: 3dc4b85f3ceeec3449539c09c2166b4e,
    type: 3}
  m_PrefabInstance: {fileID: 5065154304378202055}
  m_PrefabAsset: {fileID: 0}
  serializedVersion: 6
  m_Component:
  - component: {fileID: 1568735252739354973}
  m_Layer: 0
  m_Name: mixamorig:LeftFoot
  m_TagString: Untagged
  m_Icon: {fileID: 0}
  m_NavMeshLayer: 0
  m_StaticEditorFlags: 0
  m_IsActive: 1
--- !u!4 &1568735252739354973
Transform:
  m_ObjectHideFlags: 0
  m_CorrespondingSourceObject: {fileID: 8139351480072374591, guid: 3dc4b85f3ceeec3449539c09c2166b4e,
    type: 3}
  m_PrefabInstance: {fileID: 5065154304378202055}
  m_PrefabAsset: {fileID: 0}
  m_GameObject: {fileID: 4668657105792042353}
  m_LocalRotation: {x: -0.122195795, y: 0.05155076, z: -0.009719789, w: 0.9911187}
  m_LocalPosition: {x: -0.011707371, y: -0.42737457, z: -0.007878395}
  m_LocalScale: {x: 1, y: 1, z: 1}
  m_Children:
  - {fileID: 8513953741350737873}
  m_Father: {fileID: 4124041221878700099}
  m_RootOrder: 0
  m_LocalEulerAnglesHint: {x: 0, y: 0, z: 0}
--- !u!1 &4893005829006198157
GameObject:
  m_ObjectHideFlags: 0
  m_CorrespondingSourceObject: {fileID: 8139351480072410437, guid: 3dc4b85f3ceeec3449539c09c2166b4e,
    type: 3}
  m_PrefabInstance: {fileID: 5065154304378202055}
  m_PrefabAsset: {fileID: 0}
  serializedVersion: 6
  m_Component:
  - component: {fileID: 183897685060564052}
  m_Layer: 0
  m_Name: mixamorig:RightHandMiddle1
  m_TagString: Untagged
  m_Icon: {fileID: 0}
  m_NavMeshLayer: 0
  m_StaticEditorFlags: 0
  m_IsActive: 1
--- !u!4 &183897685060564052
Transform:
  m_ObjectHideFlags: 0
  m_CorrespondingSourceObject: {fileID: 8139351480072374629, guid: 3dc4b85f3ceeec3449539c09c2166b4e,
    type: 3}
  m_PrefabInstance: {fileID: 5065154304378202055}
  m_PrefabAsset: {fileID: 0}
  m_GameObject: {fileID: 4893005829006198157}
  m_LocalRotation: {x: 0.045728862, y: 0.0661043, z: -0.39616603, w: 0.91465384}
  m_LocalPosition: {x: 0.12504359, y: 0.0019206944, z: 0.015873825}
  m_LocalScale: {x: 1, y: 1, z: 1}
  m_Children:
  - {fileID: 4936682222148496643}
  m_Father: {fileID: 3594852878470799970}
  m_RootOrder: 1
  m_LocalEulerAnglesHint: {x: 0, y: 0, z: 0}
--- !u!1 &5108693674573078579
GameObject:
  m_ObjectHideFlags: 0
  m_CorrespondingSourceObject: {fileID: 8139351480072410297, guid: 3dc4b85f3ceeec3449539c09c2166b4e,
    type: 3}
  m_PrefabInstance: {fileID: 5065154304378202055}
  m_PrefabAsset: {fileID: 0}
  serializedVersion: 6
  m_Component:
  - component: {fileID: 5551709455236191223}
  m_Layer: 0
  m_Name: mixamorig:RightHandRing3
  m_TagString: Untagged
  m_Icon: {fileID: 0}
  m_NavMeshLayer: 0
  m_StaticEditorFlags: 0
  m_IsActive: 1
--- !u!4 &5551709455236191223
Transform:
  m_ObjectHideFlags: 0
  m_CorrespondingSourceObject: {fileID: 8139351480072374617, guid: 3dc4b85f3ceeec3449539c09c2166b4e,
    type: 3}
  m_PrefabInstance: {fileID: 5065154304378202055}
  m_PrefabAsset: {fileID: 0}
  m_GameObject: {fileID: 5108693674573078579}
  m_LocalRotation: {x: 0.05906356, y: 0.047320943, z: -0.514211, w: 0.8543181}
  m_LocalPosition: {x: 0.029203825, y: -0.0034304126, z: 0.0031073417}
  m_LocalScale: {x: 1, y: 1, z: 1}
  m_Children:
  - {fileID: 7077404896907395483}
  m_Father: {fileID: 5422253163323397885}
  m_RootOrder: 0
  m_LocalEulerAnglesHint: {x: 0, y: 0, z: 0}
--- !u!1 &5908791528937752029
GameObject:
  m_ObjectHideFlags: 0
  m_CorrespondingSourceObject: {fileID: 8139351480072410435, guid: 3dc4b85f3ceeec3449539c09c2166b4e,
    type: 3}
  m_PrefabInstance: {fileID: 5065154304378202055}
  m_PrefabAsset: {fileID: 0}
  serializedVersion: 6
  m_Component:
  - component: {fileID: 6578598336503554864}
  m_Layer: 0
  m_Name: mixamorig:RightHandIndex2
  m_TagString: Untagged
  m_Icon: {fileID: 0}
  m_NavMeshLayer: 0
  m_StaticEditorFlags: 0
  m_IsActive: 1
--- !u!4 &6578598336503554864
Transform:
  m_ObjectHideFlags: 0
  m_CorrespondingSourceObject: {fileID: 8139351480072374627, guid: 3dc4b85f3ceeec3449539c09c2166b4e,
    type: 3}
  m_PrefabInstance: {fileID: 5065154304378202055}
  m_PrefabAsset: {fileID: 0}
  m_GameObject: {fileID: 5908791528937752029}
  m_LocalRotation: {x: 0.0441132, y: 0.020378869, z: -0.2710189, w: 0.96134675}
  m_LocalPosition: {x: 0.035631884, y: -0.00018412752, z: 0.0060919058}
  m_LocalScale: {x: 1, y: 1, z: 1}
  m_Children:
  - {fileID: 6209240395861803627}
  m_Father: {fileID: 1424777879727782406}
  m_RootOrder: 0
  m_LocalEulerAnglesHint: {x: 0, y: 0, z: 0}
--- !u!1 &6080521129463032956
GameObject:
  m_ObjectHideFlags: 0
  m_CorrespondingSourceObject: {fileID: 8139351480072410433, guid: 3dc4b85f3ceeec3449539c09c2166b4e,
    type: 3}
  m_PrefabInstance: {fileID: 5065154304378202055}
  m_PrefabAsset: {fileID: 0}
  serializedVersion: 6
  m_Component:
  - component: {fileID: 6209240395861803627}
  m_Layer: 0
  m_Name: mixamorig:RightHandIndex3
  m_TagString: Untagged
  m_Icon: {fileID: 0}
  m_NavMeshLayer: 0
  m_StaticEditorFlags: 0
  m_IsActive: 1
--- !u!4 &6209240395861803627
Transform:
  m_ObjectHideFlags: 0
  m_CorrespondingSourceObject: {fileID: 8139351480072374625, guid: 3dc4b85f3ceeec3449539c09c2166b4e,
    type: 3}
  m_PrefabInstance: {fileID: 5065154304378202055}
  m_PrefabAsset: {fileID: 0}
  m_GameObject: {fileID: 6080521129463032956}
  m_LocalRotation: {x: 0.04470351, y: 0.029955808, z: -0.28890547, w: 0.9558441}
  m_LocalPosition: {x: 0.029637782, y: -0.00064122357, z: 0.004521901}
  m_LocalScale: {x: 1, y: 1, z: 1}
  m_Children:
  - {fileID: 5929041994695342719}
  m_Father: {fileID: 6578598336503554864}
  m_RootOrder: 0
  m_LocalEulerAnglesHint: {x: 0, y: 0, z: 0}
--- !u!1 &6186791269933869175
GameObject:
  m_ObjectHideFlags: 0
  m_CorrespondingSourceObject: {fileID: 8139351480072410283, guid: 3dc4b85f3ceeec3449539c09c2166b4e,
    type: 3}
  m_PrefabInstance: {fileID: 5065154304378202055}
  m_PrefabAsset: {fileID: 0}
  serializedVersion: 6
  m_Component:
  - component: {fileID: 8977649332715552179}
  m_Layer: 0
  m_Name: mixamorig:RightShoulder
  m_TagString: Untagged
  m_Icon: {fileID: 0}
  m_NavMeshLayer: 0
  m_StaticEditorFlags: 0
  m_IsActive: 1
--- !u!4 &8977649332715552179
Transform:
  m_ObjectHideFlags: 0
  m_CorrespondingSourceObject: {fileID: 8139351480072374603, guid: 3dc4b85f3ceeec3449539c09c2166b4e,
    type: 3}
  m_PrefabInstance: {fileID: 5065154304378202055}
  m_PrefabAsset: {fileID: 0}
  m_GameObject: {fileID: 6186791269933869175}
  m_LocalRotation: {x: -0.35475898, y: 0.09363782, z: 0.006372331, w: 0.93023515}
  m_LocalPosition: {x: 0.07469049, y: 0.12215694, z: -0.0013346776}
  m_LocalScale: {x: 1, y: 1, z: 1}
  m_Children:
  - {fileID: 4614962890058710043}
  m_Father: {fileID: 5876133257095769717}
  m_RootOrder: 2
  m_LocalEulerAnglesHint: {x: 0, y: 0, z: 0}
--- !u!1 &6337548101583568444
GameObject:
  m_ObjectHideFlags: 0
  m_CorrespondingSourceObject: {fileID: 8139351480072410277, guid: 3dc4b85f3ceeec3449539c09c2166b4e,
    type: 3}
  m_PrefabInstance: {fileID: 5065154304378202055}
  m_PrefabAsset: {fileID: 0}
  serializedVersion: 6
  m_Component:
  - component: {fileID: 5004609449987117443}
  m_Layer: 0
  m_Name: mixamorig:RightLeg
  m_TagString: Untagged
  m_Icon: {fileID: 0}
  m_NavMeshLayer: 0
  m_StaticEditorFlags: 0
  m_IsActive: 1
--- !u!4 &5004609449987117443
Transform:
  m_ObjectHideFlags: 0
  m_CorrespondingSourceObject: {fileID: 8139351480072374597, guid: 3dc4b85f3ceeec3449539c09c2166b4e,
    type: 3}
  m_PrefabInstance: {fileID: 5065154304378202055}
  m_PrefabAsset: {fileID: 0}
  m_GameObject: {fileID: 6337548101583568444}
  m_LocalRotation: {x: 0.9331495, y: 0.012810636, z: -0.064491816, w: 0.35342422}
  m_LocalPosition: {x: 0.011513855, y: -0.38347498, z: 0.0017733597}
  m_LocalScale: {x: 1, y: 1, z: 1}
  m_Children:
  - {fileID: 8529174363184604709}
  m_Father: {fileID: 7201651174552704853}
  m_RootOrder: 0
  m_LocalEulerAnglesHint: {x: 0, y: 0, z: 0}
--- !u!1 &6590032295830030929
GameObject:
  m_ObjectHideFlags: 0
  m_CorrespondingSourceObject: {fileID: 8139351480072410287, guid: 3dc4b85f3ceeec3449539c09c2166b4e,
    type: 3}
  m_PrefabInstance: {fileID: 5065154304378202055}
  m_PrefabAsset: {fileID: 0}
  serializedVersion: 6
  m_Component:
  - component: {fileID: 4088268224121288438}
  m_Layer: 0
  m_Name: mixamorig:RightToeBase
  m_TagString: Untagged
  m_Icon: {fileID: 0}
  m_NavMeshLayer: 0
  m_StaticEditorFlags: 0
  m_IsActive: 1
--- !u!4 &4088268224121288438
Transform:
  m_ObjectHideFlags: 0
  m_CorrespondingSourceObject: {fileID: 8139351480072374607, guid: 3dc4b85f3ceeec3449539c09c2166b4e,
    type: 3}
  m_PrefabInstance: {fileID: 5065154304378202055}
  m_PrefabAsset: {fileID: 0}
  m_GameObject: {fileID: 6590032295830030929}
  m_LocalRotation: {x: -0.27589512, y: -0.00095744466, z: -0.003805738, w: 0.9611798}
  m_LocalPosition: {x: 0.023190595, y: -0.12093358, z: 0.07477064}
  m_LocalScale: {x: 1, y: 1, z: 1}
  m_Children:
  - {fileID: 7319184118305885935}
  m_Father: {fileID: 8529174363184604709}
  m_RootOrder: 0
  m_LocalEulerAnglesHint: {x: 0, y: 0, z: 0}
--- !u!1 &6663348152675388628
GameObject:
  m_ObjectHideFlags: 0
  m_CorrespondingSourceObject: {fileID: 8139351480072410273, guid: 3dc4b85f3ceeec3449539c09c2166b4e,
    type: 3}
  m_PrefabInstance: {fileID: 5065154304378202055}
  m_PrefabAsset: {fileID: 0}
  serializedVersion: 6
  m_Component:
  - component: {fileID: 6123650601775261171}
  m_Layer: 0
  m_Name: mixamorig:RightHandThumb3
  m_TagString: Untagged
  m_Icon: {fileID: 0}
  m_NavMeshLayer: 0
  m_StaticEditorFlags: 0
  m_IsActive: 1
--- !u!4 &6123650601775261171
Transform:
  m_ObjectHideFlags: 0
  m_CorrespondingSourceObject: {fileID: 8139351480072374593, guid: 3dc4b85f3ceeec3449539c09c2166b4e,
    type: 3}
  m_PrefabInstance: {fileID: 5065154304378202055}
  m_PrefabAsset: {fileID: 0}
  m_GameObject: {fileID: 6663348152675388628}
  m_LocalRotation: {x: 0.016133787, y: 0.2546398, z: 0.1549502, w: 0.95440495}
  m_LocalPosition: {x: 0.02059076, y: -0.01640575, z: 0.030128932}
  m_LocalScale: {x: 1, y: 1, z: 1}
  m_Children:
  - {fileID: 920215717473774407}
  m_Father: {fileID: 2171181469188741020}
  m_RootOrder: 0
  m_LocalEulerAnglesHint: {x: 0, y: 0, z: 0}
--- !u!1 &7011573440058236465
GameObject:
  m_ObjectHideFlags: 0
  m_CorrespondingSourceObject: {fileID: 8139351480072410483, guid: 3dc4b85f3ceeec3449539c09c2166b4e,
    type: 3}
  m_PrefabInstance: {fileID: 5065154304378202055}
  m_PrefabAsset: {fileID: 0}
  serializedVersion: 6
  m_Component:
  - component: {fileID: 9047186285180409602}
  m_Layer: 0
  m_Name: mixamorig:LeftHandMiddle4
  m_TagString: Untagged
  m_Icon: {fileID: 0}
  m_NavMeshLayer: 0
  m_StaticEditorFlags: 0
  m_IsActive: 1
--- !u!4 &9047186285180409602
Transform:
  m_ObjectHideFlags: 0
  m_CorrespondingSourceObject: {fileID: 8139351480072374547, guid: 3dc4b85f3ceeec3449539c09c2166b4e,
    type: 3}
  m_PrefabInstance: {fileID: 5065154304378202055}
  m_PrefabAsset: {fileID: 0}
  m_GameObject: {fileID: 7011573440058236465}
  m_LocalRotation: {x: 0, y: -0, z: -0, w: 1}
  m_LocalPosition: {x: -0.030767143, y: 0.00039572673, z: 0.0031582022}
  m_LocalScale: {x: 1, y: 1, z: 1}
  m_Children: []
  m_Father: {fileID: 5865929064616387223}
  m_RootOrder: 0
  m_LocalEulerAnglesHint: {x: 0, y: 0, z: 0}
--- !u!1 &7433264479801102735
GameObject:
  m_ObjectHideFlags: 0
  m_CorrespondingSourceObject: {fileID: 8139351480072410447, guid: 3dc4b85f3ceeec3449539c09c2166b4e,
    type: 3}
  m_PrefabInstance: {fileID: 5065154304378202055}
  m_PrefabAsset: {fileID: 0}
  serializedVersion: 6
  m_Component:
  - component: {fileID: 3816828065933956832}
  m_Layer: 0
  m_Name: mixamorig:RightHandMiddle4
  m_TagString: Untagged
  m_Icon: {fileID: 0}
  m_NavMeshLayer: 0
  m_StaticEditorFlags: 0
  m_IsActive: 1
--- !u!4 &3816828065933956832
Transform:
  m_ObjectHideFlags: 0
  m_CorrespondingSourceObject: {fileID: 8139351480072374639, guid: 3dc4b85f3ceeec3449539c09c2166b4e,
    type: 3}
  m_PrefabInstance: {fileID: 5065154304378202055}
  m_PrefabAsset: {fileID: 0}
  m_GameObject: {fileID: 7433264479801102735}
  m_LocalRotation: {x: 0, y: -0, z: -0, w: 1}
  m_LocalPosition: {x: 0.034030784, y: -0.00016774442, z: 0.004316737}
  m_LocalScale: {x: 1, y: 1, z: 1}
  m_Children: []
  m_Father: {fileID: 4694921505908934318}
  m_RootOrder: 0
  m_LocalEulerAnglesHint: {x: 0, y: 0, z: 0}
--- !u!1 &7495926915131475555
GameObject:
  m_ObjectHideFlags: 0
  m_CorrespondingSourceObject: {fileID: 8139351480072410381, guid: 3dc4b85f3ceeec3449539c09c2166b4e,
    type: 3}
  m_PrefabInstance: {fileID: 5065154304378202055}
  m_PrefabAsset: {fileID: 0}
  serializedVersion: 6
  m_Component:
  - component: {fileID: 5865929064616387223}
  m_Layer: 0
  m_Name: mixamorig:LeftHandMiddle3
  m_TagString: Untagged
  m_Icon: {fileID: 0}
  m_NavMeshLayer: 0
  m_StaticEditorFlags: 0
  m_IsActive: 1
--- !u!4 &5865929064616387223
Transform:
  m_ObjectHideFlags: 0
  m_CorrespondingSourceObject: {fileID: 8139351480072374573, guid: 3dc4b85f3ceeec3449539c09c2166b4e,
    type: 3}
  m_PrefabInstance: {fileID: 5065154304378202055}
  m_PrefabAsset: {fileID: 0}
  m_GameObject: {fileID: 7495926915131475555}
  m_LocalRotation: {x: 0.024753146, y: -0.0099364575, z: 0.21109349, w: 0.97710186}
  m_LocalPosition: {x: -0.03592628, y: -0.003851989, z: 0.004583496}
  m_LocalScale: {x: 1, y: 1, z: 1}
  m_Children:
  - {fileID: 9047186285180409602}
  m_Father: {fileID: 3607875083120910034}
  m_RootOrder: 0
  m_LocalEulerAnglesHint: {x: 0, y: 0, z: 0}
--- !u!1 &7540636728291883902
GameObject:
  m_ObjectHideFlags: 0
  m_CorrespondingSourceObject: {fileID: 8139351480072410479, guid: 3dc4b85f3ceeec3449539c09c2166b4e,
    type: 3}
  m_PrefabInstance: {fileID: 5065154304378202055}
  m_PrefabAsset: {fileID: 0}
  serializedVersion: 6
  m_Component:
  - component: {fileID: 3667354607065145722}
  m_Layer: 0
  m_Name: mixamorig:LeftShoulder
  m_TagString: Untagged
  m_Icon: {fileID: 0}
  m_NavMeshLayer: 0
  m_StaticEditorFlags: 0
  m_IsActive: 1
--- !u!4 &3667354607065145722
Transform:
  m_ObjectHideFlags: 0
  m_CorrespondingSourceObject: {fileID: 8139351480072374543, guid: 3dc4b85f3ceeec3449539c09c2166b4e,
    type: 3}
  m_PrefabInstance: {fileID: 5065154304378202055}
  m_PrefabAsset: {fileID: 0}
  m_GameObject: {fileID: 7540636728291883902}
  m_LocalRotation: {x: -0.3227019, y: 0.030142657, z: -0.042199314, w: 0.9450789}
  m_LocalPosition: {x: -0.079719946, y: 0.11597808, z: -0.00153884}
  m_LocalScale: {x: 1, y: 1, z: 1}
  m_Children:
  - {fileID: 4118461914975062117}
  m_Father: {fileID: 5876133257095769717}
  m_RootOrder: 0
  m_LocalEulerAnglesHint: {x: 0, y: 0, z: 0}
--- !u!1 &7604107317058022482
GameObject:
  m_ObjectHideFlags: 0
  m_CorrespondingSourceObject: {fileID: 8139351480072410485, guid: 3dc4b85f3ceeec3449539c09c2166b4e,
    type: 3}
  m_PrefabInstance: {fileID: 5065154304378202055}
  m_PrefabAsset: {fileID: 0}
  serializedVersion: 6
  m_Component:
  - component: {fileID: 3849184516266287214}
  m_Layer: 0
  m_Name: mixamorig:LeftHandPinky3
  m_TagString: Untagged
  m_Icon: {fileID: 0}
  m_NavMeshLayer: 0
  m_StaticEditorFlags: 0
  m_IsActive: 1
--- !u!4 &3849184516266287214
Transform:
  m_ObjectHideFlags: 0
  m_CorrespondingSourceObject: {fileID: 8139351480072374549, guid: 3dc4b85f3ceeec3449539c09c2166b4e,
    type: 3}
  m_PrefabInstance: {fileID: 5065154304378202055}
  m_PrefabAsset: {fileID: 0}
  m_GameObject: {fileID: 7604107317058022482}
  m_LocalRotation: {x: 0.011183219, y: -0.043690395, z: 0.20133798, w: 0.9784831}
  m_LocalPosition: {x: -0.025339812, y: -0.0007325859, z: 0.0010192271}
  m_LocalScale: {x: 1, y: 1, z: 1}
  m_Children:
  - {fileID: 5269619943947339057}
  m_Father: {fileID: 6884927536718161409}
  m_RootOrder: 0
  m_LocalEulerAnglesHint: {x: 0, y: 0, z: 0}
--- !u!1 &7633821778732805534
GameObject:
  m_ObjectHideFlags: 0
  m_CorrespondingSourceObject: {fileID: 8139351480072410495, guid: 3dc4b85f3ceeec3449539c09c2166b4e,
    type: 3}
  m_PrefabInstance: {fileID: 5065154304378202055}
  m_PrefabAsset: {fileID: 0}
  serializedVersion: 6
  m_Component:
  - component: {fileID: 8022526060335287427}
  m_Layer: 0
  m_Name: mixamorig:LeftHandRing2
  m_TagString: Untagged
  m_Icon: {fileID: 0}
  m_NavMeshLayer: 0
  m_StaticEditorFlags: 0
  m_IsActive: 1
--- !u!4 &8022526060335287427
Transform:
  m_ObjectHideFlags: 0
  m_CorrespondingSourceObject: {fileID: 8139351480072374559, guid: 3dc4b85f3ceeec3449539c09c2166b4e,
    type: 3}
  m_PrefabInstance: {fileID: 5065154304378202055}
  m_PrefabAsset: {fileID: 0}
  m_GameObject: {fileID: 7633821778732805534}
  m_LocalRotation: {x: 0.057651136, y: -0.097954966, z: 0.56598204, w: 0.8165449}
  m_LocalPosition: {x: -0.038603306, y: -0.002793471, z: 0.0025396529}
  m_LocalScale: {x: 1, y: 1, z: 1}
  m_Children:
  - {fileID: 3278878113968965154}
  m_Father: {fileID: 1384444313329792414}
  m_RootOrder: 0
  m_LocalEulerAnglesHint: {x: 0, y: 0, z: 0}
--- !u!1 &7756369077410730694
GameObject:
  m_ObjectHideFlags: 0
  m_CorrespondingSourceObject: {fileID: 8139351480072410445, guid: 3dc4b85f3ceeec3449539c09c2166b4e,
    type: 3}
  m_PrefabInstance: {fileID: 5065154304378202055}
  m_PrefabAsset: {fileID: 0}
  serializedVersion: 6
  m_Component:
  - component: {fileID: 4697003438952287854}
  m_Layer: 0
  m_Name: mixamorig:RightHandPinky1
  m_TagString: Untagged
  m_Icon: {fileID: 0}
  m_NavMeshLayer: 0
  m_StaticEditorFlags: 0
  m_IsActive: 1
--- !u!4 &4697003438952287854
Transform:
  m_ObjectHideFlags: 0
  m_CorrespondingSourceObject: {fileID: 8139351480072374637, guid: 3dc4b85f3ceeec3449539c09c2166b4e,
    type: 3}
  m_PrefabInstance: {fileID: 5065154304378202055}
  m_PrefabAsset: {fileID: 0}
  m_GameObject: {fileID: 7756369077410730694}
  m_LocalRotation: {x: -0.0057507814, y: -0.024065088, z: -0.51019055, w: 0.85970545}
  m_LocalPosition: {x: 0.11468025, y: -0.002386016, z: -0.033283968}
  m_LocalScale: {x: 1, y: 1, z: 1}
  m_Children:
  - {fileID: 651958261721513636}
  m_Father: {fileID: 3594852878470799970}
  m_RootOrder: 2
  m_LocalEulerAnglesHint: {x: 0, y: 0, z: 0}
--- !u!1 &7938537366176963868
GameObject:
  m_ObjectHideFlags: 0
  m_CorrespondingSourceObject: {fileID: 8139351480072410393, guid: 3dc4b85f3ceeec3449539c09c2166b4e,
    type: 3}
  m_PrefabInstance: {fileID: 5065154304378202055}
  m_PrefabAsset: {fileID: 0}
  serializedVersion: 6
  m_Component:
  - component: {fileID: 4118461914975062117}
  m_Layer: 0
  m_Name: mixamorig:LeftArm
  m_TagString: Untagged
  m_Icon: {fileID: 0}
  m_NavMeshLayer: 0
  m_StaticEditorFlags: 0
  m_IsActive: 1
--- !u!4 &4118461914975062117
Transform:
  m_ObjectHideFlags: 0
  m_CorrespondingSourceObject: {fileID: 8139351480072374585, guid: 3dc4b85f3ceeec3449539c09c2166b4e,
    type: 3}
  m_PrefabInstance: {fileID: 5065154304378202055}
  m_PrefabAsset: {fileID: 0}
  m_GameObject: {fileID: 7938537366176963868}
  m_LocalRotation: {x: -0.41333637, y: 0.43881086, z: 0.3825886, w: 0.70016}
  m_LocalPosition: {x: -0.11706613, y: -0.008078834, z: -0.00057036144}
  m_LocalScale: {x: 1, y: 1, z: 1}
  m_Children:
  - {fileID: 3463369505634674992}
  m_Father: {fileID: 3667354607065145722}
  m_RootOrder: 0
  m_LocalEulerAnglesHint: {x: 0, y: 0, z: 0}
--- !u!1 &8317352431161452868
GameObject:
  m_ObjectHideFlags: 0
  m_CorrespondingSourceObject: {fileID: 8139351480072410263, guid: 3dc4b85f3ceeec3449539c09c2166b4e,
    type: 3}
  m_PrefabInstance: {fileID: 5065154304378202055}
  m_PrefabAsset: {fileID: 0}
  serializedVersion: 6
  m_Component:
  - component: {fileID: 5876133257095769717}
  m_Layer: 0
  m_Name: mixamorig:Spine2
  m_TagString: Untagged
  m_Icon: {fileID: 0}
  m_NavMeshLayer: 0
  m_StaticEditorFlags: 0
  m_IsActive: 1
--- !u!4 &5876133257095769717
Transform:
  m_ObjectHideFlags: 0
  m_CorrespondingSourceObject: {fileID: 8139351480072374455, guid: 3dc4b85f3ceeec3449539c09c2166b4e,
    type: 3}
  m_PrefabInstance: {fileID: 5065154304378202055}
  m_PrefabAsset: {fileID: 0}
  m_GameObject: {fileID: 8317352431161452868}
  m_LocalRotation: {x: 0.1522049, y: -0.0053283097, z: 0.03945407, w: 0.9875468}
  m_LocalPosition: {x: 0.00030683307, y: 0.1255265, z: -0.001277121}
  m_LocalScale: {x: 1, y: 1, z: 1}
  m_Children:
  - {fileID: 3667354607065145722}
  - {fileID: 2512824454303101707}
  - {fileID: 8977649332715552179}
  m_Father: {fileID: 1430229801453731386}
  m_RootOrder: 0
  m_LocalEulerAnglesHint: {x: 0, y: 0, z: 0}
--- !u!1 &8435780808292045741
GameObject:
  m_ObjectHideFlags: 0
  m_CorrespondingSourceObject: {fileID: 8139351480072410489, guid: 3dc4b85f3ceeec3449539c09c2166b4e,
    type: 3}
  m_PrefabInstance: {fileID: 5065154304378202055}
  m_PrefabAsset: {fileID: 0}
  serializedVersion: 6
  m_Component:
  - component: {fileID: 1384444313329792414}
  m_Layer: 0
  m_Name: mixamorig:LeftHandRing1
  m_TagString: Untagged
  m_Icon: {fileID: 0}
  m_NavMeshLayer: 0
  m_StaticEditorFlags: 0
  m_IsActive: 1
--- !u!4 &1384444313329792414
Transform:
  m_ObjectHideFlags: 0
  m_CorrespondingSourceObject: {fileID: 8139351480072374553, guid: 3dc4b85f3ceeec3449539c09c2166b4e,
    type: 3}
  m_PrefabInstance: {fileID: 5065154304378202055}
  m_PrefabAsset: {fileID: 0}
  m_GameObject: {fileID: 8435780808292045741}
  m_LocalRotation: {x: 0.024653222, y: -0.022686386, z: 0.4544958, w: 0.8901186}
  m_LocalPosition: {x: -0.123601764, y: 0.0067064767, z: -0.005821097}
  m_LocalScale: {x: 1, y: 1, z: 1}
  m_Children:
  - {fileID: 8022526060335287427}
  m_Father: {fileID: 6749885954420737263}
  m_RootOrder: 3
  m_LocalEulerAnglesHint: {x: 0, y: 0, z: 0}
--- !u!1 &8445216857566735497
GameObject:
  m_ObjectHideFlags: 0
  m_CorrespondingSourceObject: {fileID: 8139351480072410281, guid: 3dc4b85f3ceeec3449539c09c2166b4e,
    type: 3}
  m_PrefabInstance: {fileID: 5065154304378202055}
  m_PrefabAsset: {fileID: 0}
  serializedVersion: 6
  m_Component:
  - component: {fileID: 7319184118305885935}
  m_Layer: 0
  m_Name: mixamorig:RightToe_End
  m_TagString: Untagged
  m_Icon: {fileID: 0}
  m_NavMeshLayer: 0
  m_StaticEditorFlags: 0
  m_IsActive: 1
--- !u!4 &7319184118305885935
Transform:
  m_ObjectHideFlags: 0
  m_CorrespondingSourceObject: {fileID: 8139351480072374601, guid: 3dc4b85f3ceeec3449539c09c2166b4e,
    type: 3}
  m_PrefabInstance: {fileID: 5065154304378202055}
  m_PrefabAsset: {fileID: 0}
  m_GameObject: {fileID: 8445216857566735497}
  m_LocalRotation: {x: 0, y: -0, z: -0, w: 1}
  m_LocalPosition: {x: -0.00096499827, y: -0.0059719686, z: 0.13040663}
  m_LocalScale: {x: 1, y: 1, z: 1}
  m_Children: []
  m_Father: {fileID: 4088268224121288438}
  m_RootOrder: 0
  m_LocalEulerAnglesHint: {x: 0, y: 0, z: 0}
--- !u!1 &8808143394429008431
GameObject:
  m_ObjectHideFlags: 0
  m_CorrespondingSourceObject: {fileID: 8139351480072410375, guid: 3dc4b85f3ceeec3449539c09c2166b4e,
    type: 3}
  m_PrefabInstance: {fileID: 5065154304378202055}
  m_PrefabAsset: {fileID: 0}
  serializedVersion: 6
  m_Component:
  - component: {fileID: 3469632968153293340}
  m_Layer: 0
  m_Name: mixamorig:LeftHandIndex2
  m_TagString: Untagged
  m_Icon: {fileID: 0}
  m_NavMeshLayer: 0
  m_StaticEditorFlags: 0
  m_IsActive: 1
--- !u!4 &3469632968153293340
Transform:
  m_ObjectHideFlags: 0
  m_CorrespondingSourceObject: {fileID: 8139351480072374567, guid: 3dc4b85f3ceeec3449539c09c2166b4e,
    type: 3}
  m_PrefabInstance: {fileID: 5065154304378202055}
  m_PrefabAsset: {fileID: 0}
  m_GameObject: {fileID: 8808143394429008431}
  m_LocalRotation: {x: 0.101290695, y: -0.063458525, z: 0.46702963, w: 0.8761259}
  m_LocalPosition: {x: -0.036162782, y: 0.00042991198, z: 0.008115622}
  m_LocalScale: {x: 1, y: 1, z: 1}
  m_Children:
  - {fileID: 7197394799342683149}
  m_Father: {fileID: 4561164235592821582}
  m_RootOrder: 0
  m_LocalEulerAnglesHint: {x: 0, y: 0, z: 0}
--- !u!1 &8871106312768956722
GameObject:
  m_ObjectHideFlags: 0
  m_CorrespondingSourceObject: {fileID: 8139351480072410461, guid: 3dc4b85f3ceeec3449539c09c2166b4e,
    type: 3}
  m_PrefabInstance: {fileID: 5065154304378202055}
  m_PrefabAsset: {fileID: 0}
  serializedVersion: 6
  m_Component:
  - component: {fileID: 1424777879727782406}
  m_Layer: 0
  m_Name: mixamorig:RightHandIndex1
  m_TagString: Untagged
  m_Icon: {fileID: 0}
  m_NavMeshLayer: 0
  m_StaticEditorFlags: 0
  m_IsActive: 1
--- !u!4 &1424777879727782406
Transform:
  m_ObjectHideFlags: 0
  m_CorrespondingSourceObject: {fileID: 8139351480072374653, guid: 3dc4b85f3ceeec3449539c09c2166b4e,
    type: 3}
  m_PrefabInstance: {fileID: 5065154304378202055}
  m_PrefabAsset: {fileID: 0}
  m_GameObject: {fileID: 8871106312768956722}
  m_LocalRotation: {x: 0.008124203, y: 0.008171774, z: -0.09823473, w: 0.99509656}
  m_LocalPosition: {x: 0.11510261, y: -0.0039906423, z: 0.0413713}
  m_LocalScale: {x: 1, y: 1, z: 1}
  m_Children:
  - {fileID: 6578598336503554864}
  m_Father: {fileID: 3594852878470799970}
  m_RootOrder: 0
  m_LocalEulerAnglesHint: {x: 0, y: 0, z: 0}
--- !u!1 &8991283145609822793
GameObject:
  m_ObjectHideFlags: 0
  m_CorrespondingSourceObject: {fileID: 8139351480072410441, guid: 3dc4b85f3ceeec3449539c09c2166b4e,
    type: 3}
  m_PrefabInstance: {fileID: 5065154304378202055}
  m_PrefabAsset: {fileID: 0}
  serializedVersion: 6
  m_Component:
  - component: {fileID: 4694921505908934318}
  m_Layer: 0
  m_Name: mixamorig:RightHandMiddle3
  m_TagString: Untagged
  m_Icon: {fileID: 0}
  m_NavMeshLayer: 0
  m_StaticEditorFlags: 0
  m_IsActive: 1
--- !u!4 &4694921505908934318
Transform:
  m_ObjectHideFlags: 0
  m_CorrespondingSourceObject: {fileID: 8139351480072374633, guid: 3dc4b85f3ceeec3449539c09c2166b4e,
    type: 3}
  m_PrefabInstance: {fileID: 5065154304378202055}
  m_PrefabAsset: {fileID: 0}
  m_GameObject: {fileID: 8991283145609822793}
  m_LocalRotation: {x: 0.028502319, y: 0.024816968, z: -0.22615612, w: 0.9733577}
  m_LocalPosition: {x: 0.029468695, y: -0.004104083, z: 0.003222574}
  m_LocalScale: {x: 1, y: 1, z: 1}
  m_Children:
  - {fileID: 3816828065933956832}
  m_Father: {fileID: 4936682222148496643}
  m_RootOrder: 0
  m_LocalEulerAnglesHint: {x: 0, y: 0, z: 0}
--- !u!1 &9020697313130732045
GameObject:
  m_ObjectHideFlags: 0
  m_CorrespondingSourceObject: {fileID: 8139351480072410385, guid: 3dc4b85f3ceeec3449539c09c2166b4e,
    type: 3}
  m_PrefabInstance: {fileID: 5065154304378202055}
  m_PrefabAsset: {fileID: 0}
  serializedVersion: 6
  m_Component:
  - component: {fileID: 6011448095128070964}
  - component: {fileID: 5026178917718234015}
  m_Layer: 0
  m_Name: Mesh
  m_TagString: Untagged
  m_Icon: {fileID: 0}
  m_NavMeshLayer: 0
  m_StaticEditorFlags: 0
  m_IsActive: 1
--- !u!4 &6011448095128070964
Transform:
  m_ObjectHideFlags: 0
  m_CorrespondingSourceObject: {fileID: 8139351480072374577, guid: 3dc4b85f3ceeec3449539c09c2166b4e,
    type: 3}
  m_PrefabInstance: {fileID: 5065154304378202055}
  m_PrefabAsset: {fileID: 0}
  m_GameObject: {fileID: 9020697313130732045}
  m_LocalRotation: {x: 0, y: -0, z: -0, w: 1}
  m_LocalPosition: {x: -0, y: 0, z: 0}
  m_LocalScale: {x: 1, y: 1, z: 1}
  m_Children: []
  m_Father: {fileID: 7273056392993685063}
  m_RootOrder: 0
  m_LocalEulerAnglesHint: {x: 0, y: 0, z: 0}
--- !u!137 &5026178917718234015
SkinnedMeshRenderer:
  m_ObjectHideFlags: 0
  m_CorrespondingSourceObject: {fileID: 8139351480060909587, guid: 3dc4b85f3ceeec3449539c09c2166b4e,
    type: 3}
  m_PrefabInstance: {fileID: 5065154304378202055}
  m_PrefabAsset: {fileID: 0}
  m_GameObject: {fileID: 9020697313130732045}
  m_Enabled: 1
  m_CastShadows: 1
  m_ReceiveShadows: 1
  m_DynamicOccludee: 1
  m_MotionVectors: 1
  m_LightProbeUsage: 1
  m_ReflectionProbeUsage: 1
  m_RenderingLayerMask: 1
  m_RendererPriority: 0
  m_Materials:
  - {fileID: 2100000, guid: 879b95dcbf8ca8e4f883e5c6f0e13c3e, type: 3}
  m_StaticBatchInfo:
    firstSubMesh: 0
    subMeshCount: 0
  m_StaticBatchRoot: {fileID: 0}
  m_ProbeAnchor: {fileID: 0}
  m_LightProbeVolumeOverride: {fileID: 0}
  m_ScaleInLightmap: 1
  m_PreserveUVs: 0
  m_IgnoreNormalsForChartDetection: 0
  m_ImportantGI: 0
  m_StitchLightmapSeams: 0
  m_SelectedEditorRenderState: 3
  m_MinimumChartSize: 4
  m_AutoUVMaxDistance: 0.5
  m_AutoUVMaxAngle: 89
  m_LightmapParameters: {fileID: 0}
  m_SortingLayerID: 0
  m_SortingLayer: 0
  m_SortingOrder: 0
  serializedVersion: 2
  m_Quality: 0
  m_UpdateWhenOffscreen: 0
  m_SkinnedMotionVectors: 1
  m_Mesh: {fileID: 4300000, guid: 879b95dcbf8ca8e4f883e5c6f0e13c3e, type: 3}
  m_Bones:
  - {fileID: 5720172918808865646}
  - {fileID: 6067552776868299141}
  - {fileID: 1430229801453731386}
  - {fileID: 5876133257095769717}
  - {fileID: 2512824454303101707}
  - {fileID: 3212317742250766725}
  - {fileID: 8008109866700576646}
  - {fileID: 3667354607065145722}
  - {fileID: 4118461914975062117}
  - {fileID: 3463369505634674992}
  - {fileID: 6749885954420737263}
  - {fileID: 5051681115601051982}
  - {fileID: 463714036964575655}
  - {fileID: 5373957773759292699}
  - {fileID: 622915686045651318}
  - {fileID: 4561164235592821582}
  - {fileID: 3469632968153293340}
  - {fileID: 7197394799342683149}
  - {fileID: 3561285668625440958}
  - {fileID: 5541555955211208949}
  - {fileID: 3607875083120910034}
  - {fileID: 5865929064616387223}
  - {fileID: 9047186285180409602}
  - {fileID: 1384444313329792414}
  - {fileID: 8022526060335287427}
  - {fileID: 3278878113968965154}
  - {fileID: 7131845854477610799}
  - {fileID: 7425309940823917864}
  - {fileID: 6884927536718161409}
  - {fileID: 3849184516266287214}
  - {fileID: 5269619943947339057}
  - {fileID: 8977649332715552179}
  - {fileID: 4614962890058710043}
  - {fileID: 4851490810574960293}
  - {fileID: 3594852878470799970}
  - {fileID: 5793052318057404333}
  - {fileID: 2171181469188741020}
  - {fileID: 6123650601775261171}
  - {fileID: 920215717473774407}
  - {fileID: 1424777879727782406}
  - {fileID: 6578598336503554864}
  - {fileID: 6209240395861803627}
  - {fileID: 5929041994695342719}
  - {fileID: 183897685060564052}
  - {fileID: 4936682222148496643}
  - {fileID: 4694921505908934318}
  - {fileID: 3816828065933956832}
  - {fileID: 7221110449506385650}
  - {fileID: 5422253163323397885}
  - {fileID: 5551709455236191223}
  - {fileID: 7077404896907395483}
  - {fileID: 4697003438952287854}
  - {fileID: 651958261721513636}
  - {fileID: 8178660388898627392}
  - {fileID: 7634331131011457942}
  - {fileID: 4586030587678221316}
  - {fileID: 4124041221878700099}
  - {fileID: 1568735252739354973}
  - {fileID: 8513953741350737873}
  - {fileID: 7142674117984984297}
  - {fileID: 7201651174552704853}
  - {fileID: 5004609449987117443}
  - {fileID: 8529174363184604709}
  - {fileID: 4088268224121288438}
  - {fileID: 7319184118305885935}
  m_BlendShapeWeights: []
  m_RootBone: {fileID: 5720172918808865646}
  m_AABB:
    m_Center: {x: -0.062957376, y: 0.050070226, z: 0.20688982}
    m_Extent: {x: 0.49556217, y: 0.7757981, z: 0.6151442}
  m_DirtyAABB: 0
--- !u!1001 &5065154304378202055
PrefabInstance:
  m_ObjectHideFlags: 0
  serializedVersion: 2
  m_Modification:
    m_TransformParent: {fileID: 825466362144511294}
    m_Modifications:
    - target: {fileID: 8139351480072374579, guid: 3dc4b85f3ceeec3449539c09c2166b4e,
        type: 3}
      propertyPath: m_LocalPosition.x
      value: 0
      objectReference: {fileID: 0}
    - target: {fileID: 8139351480072374579, guid: 3dc4b85f3ceeec3449539c09c2166b4e,
        type: 3}
      propertyPath: m_LocalPosition.y
      value: 0
      objectReference: {fileID: 0}
    - target: {fileID: 8139351480072374579, guid: 3dc4b85f3ceeec3449539c09c2166b4e,
        type: 3}
      propertyPath: m_LocalPosition.z
      value: 0
      objectReference: {fileID: 0}
    - target: {fileID: 8139351480072374579, guid: 3dc4b85f3ceeec3449539c09c2166b4e,
        type: 3}
      propertyPath: m_LocalRotation.x
      value: -0
      objectReference: {fileID: 0}
    - target: {fileID: 8139351480072374579, guid: 3dc4b85f3ceeec3449539c09c2166b4e,
        type: 3}
      propertyPath: m_LocalRotation.y
      value: -0
      objectReference: {fileID: 0}
    - target: {fileID: 8139351480072374579, guid: 3dc4b85f3ceeec3449539c09c2166b4e,
        type: 3}
      propertyPath: m_LocalRotation.z
      value: -0
      objectReference: {fileID: 0}
    - target: {fileID: 8139351480072374579, guid: 3dc4b85f3ceeec3449539c09c2166b4e,
        type: 3}
      propertyPath: m_LocalRotation.w
      value: 1
      objectReference: {fileID: 0}
    - target: {fileID: 8139351480072374579, guid: 3dc4b85f3ceeec3449539c09c2166b4e,
        type: 3}
      propertyPath: m_RootOrder
      value: 0
      objectReference: {fileID: 0}
    - target: {fileID: 8139351480072374579, guid: 3dc4b85f3ceeec3449539c09c2166b4e,
        type: 3}
      propertyPath: m_LocalEulerAnglesHint.x
      value: 0
      objectReference: {fileID: 0}
    - target: {fileID: 8139351480072374579, guid: 3dc4b85f3ceeec3449539c09c2166b4e,
        type: 3}
      propertyPath: m_LocalEulerAnglesHint.y
      value: 0
      objectReference: {fileID: 0}
    - target: {fileID: 8139351480072374579, guid: 3dc4b85f3ceeec3449539c09c2166b4e,
        type: 3}
      propertyPath: m_LocalEulerAnglesHint.z
      value: 0
      objectReference: {fileID: 0}
    - target: {fileID: 8139351480072410387, guid: 3dc4b85f3ceeec3449539c09c2166b4e,
        type: 3}
      propertyPath: m_Name
      value: Enemy
      objectReference: {fileID: 0}
    m_RemovedComponents: []
  m_SourcePrefab: {fileID: 100100000, guid: 3dc4b85f3ceeec3449539c09c2166b4e, type: 3}
